2924 4780
629 367 833 418 lacrumans
852 377 859 391 ·
1228 357 1288 419 455

168 489 264 552 totius
293 489 418 549 Graeciae
443 492 547 568 caput,
571 487 719 566 splendor
748 493 778 548 et
806 490 900 549 decus
925 488 1065 560 orientis,
1089 491 1286 568 gymnasium

169 581 361 658 optimarum
386 577 501 638 artium
519 577 675 638 bonorum
696 578 838 639 omnium
860 578 1091 656 receptaculum
1112 579 1151 638 ab
1170 580 1286 642 imma·

167 667 304 728 nissimis
316 667 459 726 barbaris
470 672 501 727 et
511 666 689 728 saevissimis
702 667 879 728 christiana
897 666 970 726 fidei
984 665 1137 740 hostibus,
1153 686 1171 726 a
1185 673 1288 730 trucu-

166 755 345 816 lentissimis
371 755 444 814 feris
467 761 570 833 capta,
592 755 737 834 spoliata,
757 755 889 834 direpta,
913 755 1066 815 exhausta
1080 761 1137 815 est.
1158 756 1287 818 Publica

166 844 300 924 pecunia
312 843 496 921 dilapidata,
508 843 639 921 privatae
650 862 724 921 opes
733 844 890 918 extinctae,
901 843 1031 922 Templa
1041 863 1130 917 auro,
1144 851 1286 922 argento,

164 931 310 1010 ,gemmis
333 930 473 1010 reliquiis
495 935 675 990 sanctorum
701 931 825 1010 aliaque
848 932 1073 1010 pretiosissime
1097 933 1287 1011 supellectile

165 1020 299 1094 nudata;
329 1020 395 1082 Viri
426 1019 526 1080 instar
561 1020 718 1098 pecudum
758 1021 922 1094 trucidati;
950 1021 1094 1081 abducta
1124 1021 1284 1096 mulieres3

165 1115 264 1187 raptae
286 1108 423 1187 virgines
452 1125 459 1168 :
484 1108 623 1168 Infantes
643 1127 659 1168 e
681 1115 848 1187 parentum
871 1109 1086 1188 complexibus
1106 1109 1231 1170 sublati.
1254 1111 1287 1172 Si

166 1199 273 1277 quiex
291 1199 380 1257 tanta
399 1197 487 1257 clade
507 1199 738 1274 superfuerunt,
756 1198 805 1257 vel
819 1199 851 1256 in
866 1198 999 1258 vinculis
1019 1205 1053 1258 ut
1071 1217 1131 1259 aare
1150 1198 1287 1260 redime·

164 1292 273 1346 rentur
287 1287 412 1360 servati,
427 1285 477 1346 vel
492 1287 579 1346 omni
596 1305 710 1365 genere
730 1286 886 1346 cruciatus
906 1287 1020 1361 affecti,
1042 1288 1091 1347 vel
1110 1287 1151 1347 ad
1168 1289 1286 1367 turpis-

165 1375 277 1436 simam
293 1375 475 1436 servitutem
490 1375 626 1449 reducti3
638 1375 713 1436 fana
723 1381 817 1455 atque
831 1375 962 1436 delubra
971 1381 1151 1437 sanctorum
1164 1375 1204 1456 (sb
1215 1377 1284 1454 159)

164 1464 350 1541 maledictis,
367 1463 561 1541 verberibus,
581 1481 691 1524 cruore
715 1469 746 1524 et
769 1465 856 1524 omni
874 1465 1066 1542 flagitiorum
1091 1483 1205 1543 genere
1227 1467 1286 1526 foa·

164 1553 249 1614 data.
262 1554 371 1614 Castra
383 1553 416 1612 in
430 1553 556 1631 templis
569 1553 635 1626 Dei,
648 1572 737 1614 sacra
751 1553 783 1613 in
799 1553 908 1614 eastris
922 1553 1041 1613 habita.
1057 1555 1080 1614 0
1096 1554 1255 1630 miseram,
1267 1575 1285 1616 o

162 1641 319 1702 infelicem
335 1646 366 1700 et
379 1641 412 1700 in
424 1641 513 1711 brevi
528 1646 594 1700 tam
615 1641 747 1702 celerem
767 1647 797 1702 et
816 1641 936 1702 variam
957 1641 1090 1702 civitatis
1109 1647 1285 1725 commuta-

161 1729 297 1790 tioneml
315 1729 388 1800 Quis
404 1747 475 1789 cum
491 1728 559 1790 haec
575 1729 686 1808 legerit
699 1731 831 1791 istarum
844 1749 949 1791 rerum
964 1730 1093 1808 ignarus
1111 1732 1205 1806 facta,
1221 1749 1285 1792 non

162 1817 237 1879 ficta
251 1835 318 1878 esse
332 1817 509 1878 crediderit.

202 1907 264 1968 Sed
291 1907 365 1966 nolo
394 1905 589 1968 calamitates
617 1906 728 1986 patriae
755 1908 840 1987 apud
870 1913 901 1968 te
930 1906 1106 1986 deplorare,
1137 1908 1188 1969 cui
1214 1908 1283 1970 haec

161 1995 293 2056 fortasse
319 1994 444 2055 notiora
468 2000 540 2054 sunt
564 2014 660 2074 quam
681 1995 760 2055 mihi
781 1996 840 2073 ipsi
865 2000 895 2056 et
917 1995 1091 2074 praesertim
1115 2015 1153 2056 ne
1175 1995 1284 2058 videar

160 2083 307 2144 refricare
331 2083 445 2143 vulnus
467 2087 586 2144 tuum:
608 2103 701 2164 quem
721 2085 787 2144 fata
804 2083 971 2144 voluerunt
990 2083 1187 2144 miseriarum
1209 2104 1283 2145 nos·

160 2177 281 2232 trarum
297 2187 363 2232 esse
377 2172 575 2251 participem,
593 2173 705 2233 clausis
719 2172 752 2232 in
765 2174 803 2233 eb
817 2173 894 2232 urbe
909 2178 957 2232 tot
972 2173 1091 2232 civibus
1111 2173 1236 2234 Venetis
1253 2179 1284 2232 et

160 2261 362 2321 nobilissimis
381 2261 574 2336 hominibus,
596 2267 643 2322 tot
662 2263 786 2340 patricii
807 2261 936 2335 ordinis,
957 2261 1030 2322 viris
1051 2278 1058 2322 :
1084 2261 1139 2340 qui
1162 2260 1281 2321 utinam

159 2350 322 2410 meliorem
341 2369 437 2430 quam
456 2350 555 2410 nostri
574 2351 735 2411 fortunam
750 2351 882 2429 experti,
898 2350 1072 2410 incolumes
1094 2349 1232 2428 aliquam
1250 2349 1282 2408 in

158 2437 295 2516 patriam
324 2442 533 2498 revertantur.
558 2439 647 2498 Certe
675 2439 847 2499 verendum
873 2443 919 2498 est
948 2456 987 2497 ne
1010 2437 1120 2497 eadem
1144 2436 1282 2514 procella

158 2527 264 2586 vexati
277 2527 395 2604 pariter
409 2527 569 2604 perierint.
1218 2570 1224 2582 .

199 2613 276 2673 Mihi
290 2633 363 2675 vero
381 2614 455 2674 data
474 2619 522 2676 est
540 2615 684 2689 facultas,
705 2613 803 2674 libere
822 2614 1014 2693 implorandi
1034 2615 1199 2688 auxilium,
1217 2633 1280 2676 non

158 2721 215 2781 pro
234 2703 356 2782 patriae,
373 2723 437 2765 non
456 2723 514 2782 pro
532 2703 666 2764 civitatis
685 2722 763 2763 meae
783 2704 894 2778 salute,
914 2704 968 2764 sed
987 2722 1045 2782 pro
1064 2705 1164 2764 tutela
1181 2705 1278 2778 omni,

157 2810 214 2870 pro
247 2792 490 2853 christianorum
523 2792 654 2852 honore.
687 2793 753 2863 Quo
782 2791 814 2851 in
846 2793 916 2853 loco
945 2792 1088 2871 pluribus
1121 2811 1279 2871 exponere

156 2884 312 2957 poteram,
329 2886 482 2960 quantum
502 2880 633 2958 periculi
649 2881 813 2940 immineat
832 2880 948 2940 italicis
968 2880 1073 2954 rebUS,
1090 2899 1129 2940 ne
1148 2881 1186 2940 de
1205 2880 1281 2940 reli·

157 2967 226 3046 quis
241 2968 356 3043 dicam,
372 2969 432 3028 nisi
448 2969 705 3028 truculentissimi
718 2969 847 3029 barbari
860 2969 998 3048 impetus
1015 2969 1277 3046 comprimantur.

156 3057 272 3118 Verum
297 3077 398 3136 neque
423 3076 472 3117 me
493 3057 570 3118 latet
590 3075 641 3118 eas
660 3057 798 3118 rationes
818 3057 942 3118 senatui
960 3063 1064 3118 vestro
1085 3071 1181 3136 quam
1201 3056 1279 3116 mihi

155 3162 220 3206 esse
239 3145 388 3206 notiores
408 3147 447 3206 Et
467 3145 620 3206 adfinem
641 3147 767 3206 festinat
790 3147 947 3225 epistola:
965 3146 1026 3207 hoo
1050 3167 1149 3206 unum
1172 3147 1277 3207 brevi-

155 3235 204 3292 ter
217 3232 330 3292 dicam.
345 3233 369 3292 E
385 3233 507 3294 duobus
522 3233 656 3292 alterum
672 3234 883 3294 necessarium
897 3235 964 3294 fore
982 3250 989 3294 :
1006 3235 1056 3294 vel
1071 3241 1106 3294 ut
1119 3233 1283 3314 Gelsitudo¹

155 3326 211 3380 tua
224 3341 288 3381 una
305 3339 377 3381 cum
397 3322 517 3382 caeteris
537 3321 715 3382 christianis
735 3323 929 3400 principibus
947 3323 1098 3396 furorem,
1115 3342 1154 3383 ne
1174 3323 1277 3384 dicam

155 3409 275 3470 rabiem
290 3409 426 3484 barbari,
440 3411 472 3470 in
483 3411 567 3470 hisce
578 3411 686 3484 initiis,
701 3413 890 3489 comprimat
901 3416 994 3490 atque
1008 3412 1196 3489 confringat,
1213 3431 1276 3472 non

156 3498 256 3558 solum
277 3517 308 3558 se
328 3518 445 3578 suaque
465 3499 594 3573 tuendo,
616 3519 724 3560 verum
745 3501 840 3560 etiam
861 3500 1049 3560 offendendo
1067 3499 1206 3574 hostem;
1227 3501 1276 3560 vel

154 3592 190 3646 ut
212 3587 264 3648 ille
286 3607 361 3648 mox
375 3588 496 3667 reliqua
515 3589 644 3664 Graecia,
663 3608 732 3667 quae
753 3609 835 3649 nunc
855 3589 987 3668 imperio
1007 3593 1115 3648 nostro
1135 3588 1276 3664 subjecta

155 3680 212 3749 est,
229 3675 401 3754 insulisque
415 3677 561 3737 omnibus
576 3679 702 3751 nostris,
719 3684 872 3756 praterea
887 3678 981 3738 etiam
996 3677 1161 3736 Pannonia
1180 3682 1275 3755 atque

154 3763 261 3842 Illyrio
277 3764 405 3842 potituS,
416 3765 541 3825 Italicas
556 3784 681 3845 quoque
696 3785 745 3826 res
759 3766 791 3825 in
807 3767 980 3826 maximum
996 3765 1163 3825 discrimen
1179 3765 1276 3824 addu-

154 3857 215 3911 cat.
240 3887 279 3895 -
300 3852 494 3913 Deventuros
516 3860 622 3914 autem
644 3855 684 3914 ad
708 3853 769 3914 hoc
794 3873 889 3934 quam
914 3855 1063 3914 facillime
1088 3853 1275 3912 christianos

153 3941 322 4019 principer,
344 3959 415 4002 cum
435 3942 512 4002 tales
532 3961 634 4003 eausae
655 3943 727 4017 sint,
749 3948 814 4004 tam
838 3943 959 4004 acerbae
981 3949 1047 4003 tam
1069 3961 1190 4022 graves,
1209 3947 1274 4001 tam

152 4048 255 4104 novae,
266 4049 337 4090 cum
352 4030 390 4090 de
405 4031 566 4091 communi
577 4031 687 4106 salute,
701 4031 738 4092 de
752 4031 923 4093 christiana
932 4032 1094 4110 religione,
1108 4031 1146 4090 de
1157 4030 1272 4090 Christi
1348 4021 1351 4030 ¹

152 4119 253 4199 gloria
277 4125 400 4198 agatur,
421 4139 513 4182 nemo
531 4127 577 4181 est
598 4121 653 4200 qui
676 4139 740 4181 non
764 4127 881 4201 speret3
899 4123 1085 4200 praesertim,
1107 4140 1126 4180 a
1145 4119 1273 4181 Gelsitu·

153 4208 224 4270 dine
257 4209 312 4269 tua
341 4215 506 4293 vestroque
526 4215 647 4285 senatu,
666 4209 755 4290 cujus
782 4209 951 4271 auotoritas
984 4210 1178 4289 amplissima
1210 4221 1268 4280 est,

149 4297 310 4359 invitatos.
332 4333 370 4342 -
394 4301 592 4382 Quapropter
613 4302 643 4359 te
674 4301 796 4376 hortor,
818 4299 1047 4387 inclyte-atque
1064 4297 1271 4388 illustrissime
