2924 4780
236 409 295 470 452
696 417 902 502 spernamus

237 541 292 623 qui
306 559 364 620 pro
387 537 553 599 clementia
567 537 669 611 solita,
684 537 757 598 laeto
777 536 883 598 animo
903 537 1041 598 filiorum
1057 544 1194 612 tuorum,
1212 543 1243 598 et
1258 538 1284 598 si
1299 538 1362 598 mi·

237 632 323 691 nima
338 635 411 690 sunt
422 626 618 700 munuscula,
631 627 762 706 accipis;
774 631 964 707 tantumque
976 627 1040 708 (sic)
1052 629 1154 706 magis
1168 627 1226 688 tibi
1240 629 1364 708 gratius

237 721 306 794 erit,
320 723 474 798 quantum
487 716 547 777 hoc
563 717 680 776 donum
697 721 727 776 et
740 715 846 777 latinis
859 717 1001 796 accipere
1016 722 1047 777 et
1062 715 1141 776 mihi
1155 716 1267 777 offerre
1282 735 1363 778 con-

236 827 351 888 gruum
366 813 423 868 est.
440 805 516 868 Mihi
530 805 669 885 quidem,
681 805 831 884 quoniam
850 824 1001 886 magnam
1016 805 1089 866 hinc
1107 806 1145 866 de
1160 806 1365 885 processione

236 897 364 976 spiritds
388 895 489 956 sancti
514 894 682 955 utilitatem
707 893 748 953 ad
772 894 1048 973 cognoscendam,
1072 895 1364 975 capessendamque

236 987 310 1048 fidei
324 985 501 1060 veritatem,
514 989 580 1044 tum
595 988 662 1043 toto
673 1001 788 1062 genere
798 1002 869 1043 meo
881 985 1068 1063 recepimus,
1081 1002 1152 1044 cum
1168 984 1206 1044 de
1220 985 1281 1045 ista
1291 1004 1363 1046 ma-

236 1076 316 1136 teria
336 1073 454 1133 Latinis
478 1070 763 1144 contendebamus;
788 1069 908 1131 Latinis
931 1090 1021 1146 vero,
1047 1091 1111 1133 non
1134 1073 1253 1147 solum,
1275 1074 1366 1151 quod

237 1164 354 1242 magna
367 1161 511 1222 doctrina
526 1160 675 1220 refertum
691 1166 749 1232 est,
767 1178 875 1220 verum
892 1160 987 1221 etiam
1002 1161 1078 1240 quia
1092 1179 1149 1240 pro
1164 1161 1251 1241 ipsis,
1266 1161 1301 1220 id
1316 1168 1366 1223 est

236 1271 294 1333 pro
313 1252 444 1312 veritate
463 1255 595 1330 pugnat.
613 1251 691 1309 Nam
712 1256 742 1310 et
762 1249 793 1308 in
815 1249 907 1310 tertio
930 1268 1075 1310 sermone
1093 1251 1200 1329 palam
1222 1269 1261 1312 ex
1281 1252 1364 1313 Filio

237 1341 371 1421 Spiritus
394 1339 511 1400 habere
533 1356 599 1398 csse
624 1337 755 1412 dicitur,
777 1344 807 1399 et
833 1357 852 1398 a
877 1341 972 1399 causa
998 1339 1064 1418 ejus
1088 1339 1280 1418 dependere,
1306 1360 1366 1420 per

237 1435 402 1508 totumque
423 1427 539 1488 librum
563 1427 664 1488 multa
685 1431 717 1488 et
739 1427 825 1487 bona
848 1447 919 1507 quae
939 1428 980 1488 ad
1006 1427 1148 1488 eamdem
1172 1429 1365 1490 sententiam

237 1517 356 1578 ducunt
371 1517 455 1577 dicta
469 1521 552 1576 sunt.
565 1515 709 1595 Accipias
724 1515 830 1594 igitur,
849 1522 882 1576 tu
897 1516 1076 1577 beatissime
1090 1517 1194 1592 Pater,
1212 1518 1268 1596 qui
1281 1517 1366 1578 Lati-

237 1625 362 1679 norum,
373 1605 427 1686 qui
435 1607 626 1679 Graecorum,
636 1605 691 1683 qui
701 1604 844 1664 omnium
856 1623 889 1664 es
899 1611 995 1684 caput
1004 1605 1259 1680 christianorum,
1268 1625 1366 1684 praes

237 1694 448 1754 tentissimum
469 1711 601 1766 munuS,
624 1698 751 1771 turaque
775 1693 936 1753 sanctitati
960 1693 1166 1768 conveniam,
1188 1694 1366 1754 beatissimi

237 1783 335 1862 patris
354 1782 471 1856 Basilii,
488 1781 630 1842 Gaesariae
653 1781 917 1860 Cappadociensis
938 1781 1037 1842 divini
1050 1783 1195 1860 pastoris,
1217 1801 1254 1843 ac
1277 1783 1365 1843 orbis

238 1878 392 1931 terrarum
405 1871 638 1944 illuminatoris,
651 1876 746 1949 atque
762 1869 911 1943 doctoris,
926 1871 1167 1949 praeclarissima
1182 1890 1280 1950 opera
1294 1871 1365 1932 haec

238 1960 366 2039 quidem
381 1965 492 2020 contra
510 1959 643 2038 impium
661 1960 852 2020 Eunomium
872 1959 973 2033 illum,
989 1959 1057 2020 haec
1076 1979 1151 2021 vero
1171 1961 1211 2020 ad
1232 1961 1365 2020 beatum

237 2048 494 2127 Amphilochium
519 2047 669 2108 decadem
697 2049 830 2108 materia
858 2047 957 2122 edita,
984 2067 1055 2128 quae
1083 2047 1226 2128 quamvis
1249 2067 1308 2127 per
1332 2068 1365 2110 se

238 2137 349 2217 suique
371 2137 508 2198 auctoris
533 2137 720 2216 dignitatem
740 2137 882 2197 maxima
904 2137 977 2211 sint,
993 2139 1055 2198 met
1068 2133 1181 2198 ¹tamen
1203 2137 1365 2198 offerentis

238 2231 393 2304 respectu,
417 2231 577 2304 tantasque
596 2225 823 2304 magnitudinis
845 2231 975 2291 tuorum
999 2244 1075 2303 erga
1094 2245 1144 2286 me
1163 2225 1362 2300 meritorum,

239 2315 370 2376 minima
382 2314 620 2394 judicabuntur.
636 2315 705 2374 Non
727 2313 810 2374 enim
830 2314 944 2391 ignoro
966 2320 1120 2393 quantum
1138 2314 1288 2375 sanctitas
1311 2320 1366 2375 tua

238 2402 318 2463 bene
333 2402 446 2463 merita
460 2402 511 2477 sit,
530 2401 770 2463 clementissime
789 2403 895 2462 Pater.

760 2947 798 3006 F⁰
821 2948 859 3006 95

321 3133 451 3188 nonaum
471 3145 509 3188 un
531 3143 621 3190 surr
641 3143 744 3189 nasus
765 3143 843 3190 roua
864 3145 899 3189 tu
921 3144 994 3191 Joun
1015 3146 1053 3190 nn
1079 3145 1117 3190 m
1137 3132 1281 3190 namura

279 3365 427 3426 Vz'ssarz‘on
444 3366 504 3446 (sic)
522 3365 686 3427 cordc‘ualr's
695 3365 762 3426 XII
774 3364 986 3444 Apostolorum
1002 3364 1119 3426 Thema
1134 3364 1170 3428 de
1183 3364 1336 3428 Serczand

430 3473 522 3514 secra
533 3455 654 3534 popina
668 3455 811 3534 magistro
828 3453 1018 3516 benemerito
1032 3453 1168 3516 salutem.

283 3635 431 3709 Quamvis
444 3635 524 3696 mihi
536 3656 699 3717 nunquam
714 3639 747 3698 in
761 3644 900 3700 mentem
915 3645 1045 3700 venerat
1062 3639 1123 3720 (sic)
1140 3641 1233 3700 beato
1247 3636 1361 3700 Basilio

243 3725 361 3786 editum
384 3724 417 3784 in
441 3724 605 3788 nativitate
624 3727 750 3788 Domini
770 3729 869 3788 nostri
890 3730 1014 3812 summa
1033 3747 1104 3789 cum
1127 3728 1307 3808 eloquentia
1325 3743 1361 3787 ac

243 3816 397 3895 gravitate
420 3833 609 3889 sermonem,
636 3835 655 3876 a
680 3836 730 3878 me
756 3817 789 3877 in
812 3817 986 3895 primordio
1015 3818 1190 3880 studiorum
1219 3833 1361 3879 meorum

242 3905 347 3966 latinis
364 3904 397 3963 in
419 3903 542 3977 litteris,
558 3905 723 3966 exercendi
745 3905 861 3985 ingenii
885 3907 947 3968 mei
969 3925 1107 3982 causae
1131 3927 1234 3988 graeco
1258 3914 1360 3968 trans-

241 3995 353 4067 latum,
374 3999 409 4054 ut
428 4000 502 4054 tunc
522 3993 577 4054 illa
594 3993 725 4054 minima
737 3995 769 4054 in
784 3994 959 4056 his'littcris
979 3996 1202 4075 suppeditabat
1220 3995 1359 4068 scientia,

241 4083 274 4143 in
303 4082 464 4160 publicum
493 4100 648 4162 promere,
675 4101 714 4144 ne
736 4084 917 4164 interpretis
942 4084 1100 4164 imperitia
1124 4103 1160 4145 ac
1184 4083 1361 4164 ignorantia

243 4171 422 4230 admirabili
435 4171 480 4230 illi
494 4171 645 4232 doctrinae
661 4177 692 4232 et
706 4173 886 4234 auctoritati
901 4173 1096 4234 disertissimi
1111 4172 1248 4233 doctoris
1262 4172 1362 4251 impu·

243 4263 341 4333 tetur;
359 4259 443 4338 apud
461 4260 532 4320 illos
551 4261 724 4338 praesertim
743 4261 798 4342 qui
818 4262 937 4322 nullam
957 4267 1012 4323 aut
1031 4261 1195 4322 minimam
1211 4261 1260 4322 sui
1279 4260 1359 4322 noti·
1448 4277 1449 4308 ³

243 4346 317 4405 tiam
338 4347 493 4422 habeant;
509 4367 566 4409 nec
582 4357 773 4429 cognoscant
791 4369 854 4431 quo
875 4369 946 4411 cum
965 4356 1090 4426 ornatu,
1107 4356 1266 4431 quantove
1280 4367 1359 4430 pon·
