2924 4780
144 359 205 419 460
612 371 819 423 errabamus

141 491 278 552 dissecto
290 490 351 552 hoc
366 489 562 569 corpuscula,
579 489 665 570 quod
677 491 818 570 profecto
830 510 887 570 pro
901 491 957 552 Dei
966 492 1156 553 Immortalis
1169 493 1263 554 laude

144 581 248 664 libain
263 599 296 641 re
312 599 374 640 non
387 579 607 656 recusaverim,
622 598 685 640 uno
702 587 863 641 momento
879 581 964 660 apud
980 583 1054 660 [leg.
1072 582 1264 642 christianis-

142 669 259 730 simum
283 668 436 730 illustriss.
460 687 521 748 que
544 668 656 729 ducem
677 669 866 747 Burgundiae
890 675 922 731 at
944 671 1169 731 Excellentiam
1191 690 1262 732 ves-

143 763 237 832 tram,
254 776 347 836 agere
361 776 484 836 possem
500 777 570 836 quae
588 757 692 836 cogito
714 763 744 818 ct
764 758 843 818 mihi
858 760 1009 820 mandata
1023 761 1110 820 sunt!
1129 761 1209 820 Sunt
1223 763 1261 820 N.

143 847 251 908 omnia
263 845 424 907 communi
437 845 575 906 libertati
589 865 625 906 ac
643 846 736 905 saluti
752 847 932 926 praesidium
952 854 983 909 et
996 847 1181 928 dignitatem
1197 867 1263 909 am-

143 935 317 1016 plissimam
331 935 475 995 allatura.
494 936 624 995 Recreat
643 939 750 994 autem
765 953 815 996 me
830 955 1021 1016 magnopere
1037 937 1192 1015 sapientia
1206 943 1263 998 tua

143 1031 173 1086 et
187 1025 288 1105 pietas
301 1023 390 1104 cujus
405 1023 543 1098 nomine,
556 1029 590 1084 ut
604 1023 822 1085 ornatissimus
836 1044 879 1100 cS,
895 1026 1020 1087 confido
1036 1029 1071 1085 N.
1089 1026 1261 1105 plurimum

140 1118 173 1174 ta
194 1114 264 1173 med
279 1112 495 1173 cohortatione
511 1118 542 1171 ct
556 1111 714 1190 precihus,
729 1113 878 1191 repressis
892 1114 998 1189 armis
1015 1120 1261 1193 prorogaturum

141 1201 285 1262 inducias
305 1201 392 1274 istas,
408 1199 514 1280 quoad
537 1199 639 1260 isthuc
661 1219 844 1279 pervenero,
861 1221 900 1262 nc
915 1203 1041 1273 frustra,
1058 1205 1175 1282 magna
1190 1221 1261 1264 cor-

141 1289 227 1370 poris
237 1288 441 1350 infirmissimi
452 1287 821 1366 defatigatione,tantum
832 1290 951 1351 itineris
960 1291 1129 1351 confecisse
1140 1291 1259 1352 videar.

141 1377 177 1438 ld
192 1384 298 1439 autem
309 1383 344 1438 ut
358 1377 486 1450 efficias,
503 1394 591 1454 roga,
609 1375 730 1451 hortor,
750 1379 837 1438 omni
852 1378 950 1439 animi
968 1379 1070 1439 studio
1091 1380 1259 1441 contendo.

139 1465 218 1526 (lras
236 1465 382 1546 cymbam
407 1465 575 1544 ingressus,
587 1464 724 1525 secundo
744 1466 872 1526 flumine
887 1466 928 1526 ad
952 1469 1068 1546 Regem
1091 1467 1260 1546 navigab0,

139 1573 236 1634 quem
263 1572 335 1615 cum
362 1554 450 1614 luero
476 1553 649 1628 allocutus,
675 1553 769 1614 adibo
798 1553 955 1616 illustriss.
981 1556 1017 1614 D.
1043 1557 1153 1616 Tuam.
1181 1557 1260 1616 llam

137 1649 246 1704 ¹autem
268 1648 303 1703 ut
319 1641 514 1708 commodius
529 1640 615 1701 adire
629 1642 758 1719 possim,
775 1662 852 1721 rogo
872 1644 913 1704 ad
931 1644 1042 1704 urbem
1061 1663 1150 1704 suam
1174 1646 1260 1705 Nan-

139 1738 300 1794 neteusem
315 1750 347 1792 se
362 1731 515 1802 conserat,
533 1747 572 1788 ne
587 1730 727 1790 terrestri
741 1731 863 1805 itinere,
879 1732 958 1791 mihi
972 1738 1003 1793 et
1017 1733 1095 1807 seni,
1115 1739 1146 1794 et
1159 1735 1262 1796 fracto

138 1821 235 1882 tantis
248 1819 410 1881 laboribus
424 1817 530 1898 aliquo
546 1835 718 1897 pervagarc
740 1838 865 1880 necesse
885 1821 924 1880 sit
936 1839 943 1894 ;
958 1839 1049 1899 spero
1062 1822 1259 1898 effecturum,

139 1915 174 1970 ut
188 1911 254 1970 Rex
271 1926 396 1988 quoque
412 1907 444 1966 in
464 1905 644 1986 proximum
661 1907 799 1986 aliquem
818 1908 922 1969 locum
942 1908 1098 1983 deveniat,
1119 1911 1174 1970 ubi
1188 1930 1260 1990 quae

139 1997 181 2058 ad
195 2015 362 2058 commune
376 1997 470 2057 decus
489 2000 520 2056 et
537 1995 676 2074 quietem
693 1997 830 2057 maxime
846 1997 1013 2076 pertinent,
1038 1998 1160 2059 facilius
1175 2001 1260 2060 cele-

137 2086 266 2167 riusque
284 2085 438 2164 disputari
461 2089 492 2144 et
506 2083 626 2143 absolvi
646 2091 805 2163 poterunt.
827 2087 969 2146 Praemisi
989 2086 1153 2147 dominum
1168 2089 1261 2166 llpis·

140 2195 210 2255 cop.
227 2177 431 2236 Parentinum
446 2171 501 2253 qui
515 2171 584 2232 haee
599 2174 726 2252 rogabit
751 2176 829 2236 meis
846 2176 949 2237 verbis
967 2182 999 2236 ct
1017 2177 1160 2237 narrabit
1179 2197 1262 2238 non-

138 2265 225 2326 nulla
243 2284 360 2326 coram.
390 2263 451 2324 Oro
474 2260 596 2321 homini
618 2262 771 2324 adhibeas
790 2265 896 2326 fidem.
918 2266 987 2326 Mea
1009 2267 1046 2325 N.
1072 2272 1163 2338 sunt,
1188 2286 1259 2346 quae

138 2359 295 2434 proponet
309 2359 339 2414 et
353 2353 510 2432 loquetur.
525 2349 608 2409 Bene
623 2351 729 2412 valeat
743 2354 928 2416 excellentia
942 2355 976 2416 V.

177 2445 224 2504 Ex
240 2445 372 2504 Samuro
387 2441 437 2502 dia
450 2441 487 2500 15
501 2439 632 2516 Augusti
648 2442 737 2503 1472.
