2924 4780
594 1357 843 1432 APPENDICE
860 1360 890 1426 V

519 1663 690 1726 manuue,
713 1665 743 1710 1.
766 1663 823 1724 xv,
846 1646 971 1708 r0110.
1000 1693 1003 1700 .

936 1924 964 1971 15
980 1921 1044 1972 colit
1058 1921 1129 1974 1172.

227 2091 300 2151 Illme
312 2089 458 2170 princeps
469 2094 500 2150 et
513 2088 655 2150 llrrcellme
669 2088 800 2150 Domine
812 2089 837 2149 si
847 2108 903 2168 per
913 2094 1039 2151 aetatem
1049 2109 1153 2150 meam
1167 2095 1198 2150 et
1207 2090 1307 2151 incer-

188 2184 254 2240 tam
262 2177 476 2240 valetudinem
491 2177 569 2238 mihi
579 2178 710 2239 celerius
720 2177 823 2239 isthuc
834 2179 998 2256 provenire
1007 2179 1154 2252 licuisset,
1165 2179 1306 2240 fecissem

187 2269 343 2348 profecto,
360 2271 391 2328 et
404 2267 550 2342 libenter,
563 2272 594 2327 et
609 2287 647 2329 ex
662 2267 812 2327 mandato
827 2268 919 2327 Pont.
930 2267 1069 2329 Maximi.
1079 2268 1154 2346 Ejus
1164 2269 1200 2327 N.
1214 2268 1308 2329 Sanc·

187 2357 261 2418 titas
276 2375 347 2417 cum
364 2355 502 2434 graviter
514 2355 620 2416 animo
634 2361 813 2434 angeretur,
830 2355 869 2414 ob
884 2355 1048 2416 intestinas
1067 2355 1203 2416 nationis
1218 2355 1310 2418 istius

188 2445 393 2506 dissentiones
416 2449 446 2504 et
465 2443 614 2504 diuturna
637 2442 732 2518 bella,
759 2463 809 2504 me
835 2445 937 2505 isthuc
956 2445 1095 2524 legatum
1119 2445 1307 2505 mittendum

187 2534 307 2607 statuit,
317 2538 353 2592 ut
365 2531 432 2612 ejus
444 2531 596 2610 pastorali
609 2550 696 2605 voce,
707 2536 773 2592 tam
789 2533 927 2593 nobilem
943 2533 1106 2593 christiani
1122 2533 1225 2612 gregis
1240 2551 1311 2612 par-

187 2629 263 2696 tem,
280 2621 321 2682 ad
335 2621 485 2700 pietatem
506 2625 538 2681 et
561 2620 744 2681 societatem
764 2625 907 2682 mutuam
924 2640 1115 2684 revocarem.
1130 2624 1209 2682 Nam
1225 2622 1308 2683 vela

187 2711 359 2772 christiane
376 2711 515 2784 fortuna,
533 2728 604 2789 quae
628 2728 751 2770 summo
773 2711 806 2770 in
829 2711 1008 2772 discrimine
1030 2716 1076 2772 est
1094 2711 1208 2791 posita,
1224 2711 1274 2772 vel
1289 2728 1308 2771 a

188 2800 349 2862 communi
371 2799 551 2878 principum
580 2798 679 2859 salute
705 2804 736 2859 et
763 2799 915 2878 dignitate
942 2801 1022 2859 nihil
1045 2800 1147 2879 magis
1171 2800 1308 2860 alienum
1387 2799 1388 2802 ’

188 2890 328 2950 accidere
352 2894 487 2967 poterat,
505 2907 600 2968 quam
624 2893 659 2948 ut
682 2893 771 2948 tanta
792 2889 890 2962 natio,
907 2888 1107 2949 multitudiue
1129 2888 1306 2963 hominum,

187 2978 321 3038 fortunis
341 2978 387 3037 rei
404 2976 525 3037 bellicae
545 2982 576 3036 et
597 2976 759 3055 sapientia
782 2976 876 3036 laude
900 2977 1132 3052 florentissima,
1143 2977 1206 3037 suis
1229 2976 1307 3038 odiis

188 3067 447 3142 conflictaretur,
478 3083 549 3125 cum
579 3065 705 3126 aliunde
723 3065 943 3126 ¹christianum
971 3085 1087 3127 nomen
1117 3065 1307 3145 gravissimis

187 3154 397 3216 incommodis
413 3159 443 3213 et
457 3153 689 3213 calamitatibus
699 3153 824 3232 jamdiu
839 3155 879 3214 sit
899 3154 1095 3216 debilitatum
1117 3160 1148 3215 et
1163 3173 1182 3215 a
1196 3154 1307 3216 crude-

187 3243 306 3304 lissimo
335 3243 426 3304 hoste
453 3241 610 3314 habeatur
635 3241 782 3302 ludibrio.
808 3243 937 3323 Suscepi
961 3243 1044 3303 hanc
1068 3243 1306 3323 profectionem,

188 3333 276 3392 nulla
296 3331 536 3392 commodorum
562 3335 617 3390 aut
636 3331 737 3390 aetatis
754 3349 843 3401 meae,
864 3350 933 3410 quae
955 3331 1169 3391 infirmissima
1188 3337 1245 3406 est,
1261 3351 1310 3392 ra-

187 3421 274 3481 tione
295 3420 422 3494 habita;
447 3419 682 3497 acceleravique
701 3419 877 3479 incredibili
894 3421 1104 3494 contentione,
1122 3426 1158 3480 ut
1177 3421 1210 3480 iu
1226 3427 1306 3481 tem-

188 3528 265 3588 pore
278 3509 448 3570 adveniens
463 3508 621 3569 concitata
636 3527 724 3568 arma
734 3507 948 3586 reprimerem.
957 3510 1020 3569 lter
1034 3509 1075 3569 ad
1089 3527 1195 3587 regem
1208 3508 1310 3569 Chris-

187 3597 397 3658 tianissimum
413 3598 551 3676 primum
566 3596 698 3674 institui,
715 3615 786 3656 cum
801 3595 868 3676 ejus
893 3597 1066 3678 majestatis
1086 3597 1262 3676 amplitudo
1278 3603 1309 3658 et

188 3687 268 3748 ratio
278 3687 324 3747 ita
337 3687 487 3765 postulat,
506 3691 573 3745 tum
589 3685 630 3746 ad
644 3685 800 3747 illustriss.
816 3688 933 3748 Ducem
954 3686 1142 3766 Burgundiae
1157 3691 1188 3746 et
1201 3686 1308 3746 Excel-

188 3773 317 3835 lentiam
346 3779 504 3842 vestram;
534 3793 604 3834 cum
635 3779 741 3834 eutem
769 3781 841 3853 post
868 3776 996 3854 longam
1027 3774 1307 3853 pervagationem,

187 3882 289 3943 nuper
307 3863 423 3924 certior
447 3863 548 3922 factus
572 3881 671 3923 essem
694 3855 837 3923 inducias
859 3883 913 3924 sex
936 3865 1058 3924 dierum
1084 3883 1104 3924 a
1124 3862 1214 3923 nobis
1238 3881 1309 3922 cum

188 3953 275 4031 regib
293 3951 457 4032 Majestate
479 3951 583 4026 initae,
601 3952 651 4011 die
674 3953 770 4011 Lunae
791 3952 886 4012 finem
908 3953 1082 4025 habituras
1098 3957 1222 4012 tautum
1243 3950 1312 4028 cepi

188 4040 331 4100 dolorem
347 4044 501 4118 quantum
519 4039 693 4098 maximum
712 4039 835 4098 animus
850 4058 939 4099 meus
954 4058 1065 4118 capere
1079 4043 1193 4118 potest.
1211 4037 1309 4120 Video

188 4131 224 4190 N.
242 4147 293 4189 me
308 4134 382 4189 ante
396 4147 466 4189 earu
482 4127 565 4187 diem
586 4128 693 4188 adesse
712 4146 776 4188 non
791 4146 893 4208 posse,
910 4128 955 4206 ,ob
976 4128 1116 4207 corporis
1131 4132 1161 4188 et
1184 4127 1307 4187 valetu-

188 4219 270 4279 dinis
293 4217 563 4288 imbecillitatem,
589 4234 660 4276 cum
685 4223 793 4278 tamen
820 4215 916 4296 paulo
945 4223 1033 4294 post,
1059 4216 1117 4277 deo
1142 4216 1231 4290 duce,
1249 4215 1307 4275 sim

189 4307 354 4368 affuturus.
379 4307 478 4379 Quam
507 4301 586 4364 mihi
607 4302 783 4382 jucundum
809 4306 906 4376 esset,
932 4309 1063 4382 preestme
1091 4305 1256 4385 princeps,
1280 4303 1307 4362 si
