2924 4780
568 1246 815 1324 APPENDIGE
845 1252 893 1324 lV

490 1478 675 1526 BESSARION
704 1482 746 1527 ET
776 1483 836 1529 LES
863 1485 954 1530 JUIFS

150 1675 228 1739 (Tire
244 1675 308 1726 d'un
323 1675 471 1726 manuscrit
487 1675 534 1726 des
554 1676 675 1726 archives
691 1676 737 1725 des
752 1677 825 1726 Frari
840 1677 872 1726 de
887 1677 998 1738 Venise,
1015 1676 1172 1739 Memoriali,
1192 1681 1211 1727 t.
1232 1678 1286 1736 XV,

585 1749 614 1796 16
629 1746 770 1797 decembre
789 1749 870 1812 1463.)

466 2161 627 2208 uussamon
648 2163 686 2206 ΒΕ
708 2163 815 2208 IUDAEIS
839 2161 987 2208 TENENDIS

201 2326 361 2388 Bassari'oe
374 2324 563 2386 miseratione
578 2321 692 2394 divini,
705 2331 774 2396 etc,
789 2322 988 2385 illustrissimo
1004 2334 1032 2386 et
1046 2324 1286 2386 eccellentissimo

407 2412 539 2494 principi
552 2411 679 2472 Domino
697 2410 908 2492 Christoplioro
923 2412 1041 2475 Mauro.

198 2595 296 2671 Licet,
308 2613 348 2655 ex
370 2593 512 2673 injuncto
537 2592 627 2652 nobis
651 2592 824 2670 legationis
843 2594 959 2668 officio,
972 2613 1009 2655 ea
1033 2594 1231 2674 potissimum
1254 2595 1287 2656 in

155 2683 268 2745 animo
286 2688 394 2744 nostro
410 2699 486 2742 cura
501 2685 652 2752 versetur,
663 2685 699 2739 ut
710 2681 864 2759 populum
884 2681 1091 2743 christianum
1106 2684 1170 2744 Deo
1185 2683 1286 2762 magis

155 2777 286 2854 gratum
298 2769 587 2850 acceptabilemque
602 2767 786 2842 reddamus3
799 2775 906 2830 tamen
921 2771 960 2831 de
974 2771 1073 2831 salute
1092 2771 1286 2850 reliquorum

161 2879 181 2922 a
206 2865 291 2920 recto
314 2858 440 2919 tramite
465 2856 680 2918 aberrantium
706 2875 923 2935 saepenumero
949 2859 1140 2938 cogitamus3
1167 2865 1198 2919 et
1219 2865 1287 2919 tum

161 2948 338 3028 praesertim
357 2966 428 3007 cum
443 2965 483 3007 ex
497 2964 607 3007 eorum
622 2946 859 3006 conversatione
879 2947 999 3026 aliquid
1013 2948 1172 3009 commodi
1187 2947 1286 3009 chris-

156 3037 255 3098 tianis
273 3037 418 3108 resultat;
443 3034 516 3094 hinc
537 3039 583 3095 est
602 3032 688 3112 quod
707 3035 921 3095 Romanorum
941 3035 1126 3114 pontificum
1147 3035 1287 3114 vestigiis

160 3126 362 3198 inhaerentes,
383 3124 506 3184 ludaeos
533 3123 615 3182 inter
634 3121 820 3182 christianos
838 3119 982 3184 habitare
1002 3125 1225 3203 permittimus,
1252 3131 1288 3185 ut

154 3214 187 3274 si
208 3214 375 3284 voluerint,
396 3213 517 3292 possint
539 3210 711 3288 aliquando
737 3212 902 3272 commode
926 3213 1123 3291 resipiscere;
1145 3213 1287 3274 nolentes

160 3321 247 3376 vero,
268 3302 388 3362 nullam
412 3301 539 3362 valeant
560 3300 645 3377 apud
665 3298 841 3360 districtum
861 3299 1000 3379 judicem
1020 3321 1084 3362 suae
1105 3303 1286 3381 pertinaciae

161 3391 397 3452 excusationem
412 3387 564 3450 invenire.

201 3479 315 3540 Oblata
334 3496 408 3538 sane
424 3477 515 3538 nobis
529 3495 587 3555 pro
603 3481 692 3555 parte
706 3476 936 3538 Dominationis
952 3483 982 3538 et
999 3477 1197 3540 Gelsitudinis
1213 3483 1287 3541 Tuae

160 3567 272 3647 petitio
289 3566 482 3640 continebat,
504 3565 600 3645 quod,
619 3565 692 3626 licet
711 3565 800 3638 alias,
822 3570 1035 3629 antecessores
1053 3567 1111 3641 tui,
1131 3573 1161 3628 et
1178 3569 1287 3629 Domi-

163 3655 261 3728 natio‚
274 3654 495 3734 Gclsitudoque
510 3657 565 3714 tua
576 3672 612 3714 ac
626 3653 880 3728 communitates,
895 3660 1044 3729 rectores,
1057 3654 1150 3730 cives,
1170 3657 1290 3717 univer-

154 3743 269 3804 sitates
284 3749 315 3803 et
327 3743 478 3803 officiales
493 3747 660 3815 terrarum,
674 3742 837 3802 civitatum
848 3749 879 3802 et
894 3747 1133 3804 castrorumtuo
1149 3745 1288 3806 dominio

160 3831 409 3911 suppositorum,
438 3831 561 3892 ludaeos
585 3830 755 3909 praedictos
777 3830 810 3889 in
834 3829 925 3891 dictis
950 3831 1140 3906 civitatibus,
1168 3833 1288 3906 castris,

160 3921 253 3982 terris
268 3925 299 3980 et
313 3920 390 3980 locis
400 3926 507 3981 tenere
522 3925 553 3981 et
568 3937 641 3979 cum
653 3919 696 3980 eis
708 3918 825 3998 pacisci
839 3938 875 3979 ac
890 3919 1030 3997 capitula
1044 3921 1146 3981 facere
1161 3939 1290 3982 consue·

161 4010 291 4082 cissent,
304 4027 375 4069 cum
392 4009 531 4070 maximo
548 4008 695 4086 ipsorum·
711 4007 877 4068 hominum
896 4012 928 4066 et
949 4008 1147 4068 subditorum
1161 4015 1288 4070 tuorum

126 4125 130 4137 ·
162 4097 331 4158 commodo
346 4115 383 4157 ac
397 4117 454 4177 pro
470 4095 586 4158 minori
605 4095 786 4175 dispendio;
805 4093 1012 4155 nihilominus
1033 4101 1139 4156 tamen
1159 4095 1290 4174 quidam

163 4191 274 4266 postea
298 4185 489 4267 dubitantes,
505 4204 546 4247 an
563 4189 778 4248 antecessores
799 4183 848 4244 tui
860 4181 1090 4263 praelibataque
1110 4184 1288 4246 Dominatio

160 4280 197 4335 et
212 4274 368 4336 Gelsitudo
382 4280 446 4362 tua,
462 4273 770 4355 communitatesque
784 4277 875 4356 ipsae,
892 4276 1044 4347 rectores,
1058 4272 1149 4346 cives,
1164 4272 1290 4334 univer-
