2924 4780
587 379 792 432 APPENDICES
1183 366 1241 426 453

115 505 191 565 dere
213 501 321 564 omnia
338 520 395 562 sua
415 507 576 580 operator
599 501 652 562 ille
674 507 849 581 quaterque
873 499 984 560 beatus
1007 499 1038 558 in
1063 501 1121 560 sua
1145 499 1243 561 edidit

117 593 242 672 lingum
257 596 293 651 ut
305 589 364 650 tibi
382 595 489 658 tamen
508 609 649 669 gererem
670 607 792 650 morem
812 588 880 648 viro
897 593 965 648 tum
985 587 1129 648 doctrina
1149 593 1243 668 atque

118 681 261 755 seientia,
272 687 341 740 tum
351 678 446 740 etiam
457 680 597 742 moribus
614 679 786 740 cultissimo
802 684 897 756 atque
907 677 1108 738 ornatissimo
1120 677 1243 738 mittere

119 770 179 831 tibi
198 787 270 830 eum
290 768 423 842 decrevi,
447 786 519 828 oum
539 787 603 828 non
621 769 739 846 possim
756 773 818 827 tuae
839 767 972 827 ferventi
986 771 1081 846 atque
1097 766 1245 844 flagranti

119 856 266 938 petitioni
281 875 395 935 negare
413 872 420 916 :
436 862 470 916 ut
485 855 592 935 aliqud
609 875 648 916 ex
664 862 753 935 parte
775 855 867 916 laude
885 855 1013 934 dignam
1033 860 1121 915 tuam
1142 853 1244 914 extin-

120 965 217 1026 guam
246 944 345 1018 sitim3
372 963 408 1004 ae
431 943 559 1004 insitam
586 944 644 1004 tihi
667 944 888 1004 inexhaustam
914 943 1096 1004 aviditatem
1122 941 1246 1020 legendi

120 1033 329 1112 volvendique
349 1033 445 1093 libros
465 1032 561 1110 hujus
581 1033 756 1093 beatissimi
774 1033 873 1112 patris
893 1032 1010 1112 possim
1030 1031 1176 1111 implere;
1193 1031 1247 1111 qui

120 1130 185 1184 tam
208 1121 351 1202 cupidus,
366 1128 494 1200 tamque
519 1122 652 1182 aiieotus
680 1122 763 1182 iliius
789 1122 904 1182 existas
933 1120 1091 1200 operibus,
1108 1126 1143 1181 ut
1168 1120 1247 1180 nihii

121 1229 233 1291 supra;
250 1230 319 1291 quae
336 1228 406 1270 oum
422 1215 457 1270 ut
471 1211 553 1270 soles
568 1215 688 1271 attente
704 1229 741 1270 ao
757 1216 902 1271 accurate
918 1212 1042 1270 summa
1057 1228 1128 1270 eum
1144 1209 1246 1269 admi-

123 1301 246 1361 ratione
264 1298 444 1378 perlegeris,
465 1299 559 1358 velim
579 1298 725 1377 ignoscas
749 1299 923 1378 interpreti,
950 1298 976 1358 si
995 1305 1060 1358 tam
1081 1304 1191 1358 ornate
1215 1297 1246 1356 in

122 1391 230 1450 Graeoo
254 1387 475 1466 compositum,
497 1393 562 1446 tem
588 1386 738 1447 indiserte
762 1387 923 1447 transtulit
945 1386 978 1446 in
1002 1387 1151 1460 latinum;
1175 1404 1246 1446 oum

122 1483 209 1537 eerto
234 1494 284 1536 me
306 1476 385 1535 seius
408 1481 475 1535 tum
505 1475 545 1534 ob
571 1476 779 1535 reverentiam
809 1481 903 1554 atque
928 1475 1127 1535 devotionem
1151 1492 1245 1554 quam

122 1584 199 1644 erga
213 1564 301 1624 illum
318 1582 393 1643 gero
408 1563 624 1624 beatissimum
638 1569 762 1642 patrem
776 1563 859 1624 hano
874 1583 939 1624 rem
955 1582 1137 1642 aggressum
1154 1562 1247 1622 fuisse

123 1653 240 1734 potius,
266 1671 361 1732 quam
385 1653 425 1712 ob
448 1652 614 1713 audaciam
639 1671 675 1713 ae
697 1653 730 1713 in
751 1671 802 1712 me
825 1652 893 1732 ipso
918 1652 1153 1726 confidentiam,
1179 1657 1247 1711 tum

124 1744 219 1804 etiam
246 1762 343 1822 quum
369 1762 433 1803 non
457 1743 625 1803 edidissem
652 1742 684 1802 in
710 1741 883 1821 publicum,
908 1741 968 1802 nisi
990 1746 1024 1802 tu
1048 1740 1248 1802 contentione

124 1832 264 1892 maxime
278 1831 430 1911 petiisses.
