2924 4780
603 1387 853 1462 APPENDICE
879 1389 929 1461 Ill

447 1673 638 1720 unnusomr
659 1674 772 1736 carin,
795 1670 833 1720 u⁰
854 1657 945 1736 3127,
969 1669 1003 1719 ιο
1025 1658 1095 1718 158.

246 1913 354 1993 Episto
326 1912 387 1973 tolo
401 1913 557 1974 Bessorion
575 1913 635 1994 (sce)
653 1913 807 1974 eordiool'
793 1935 817 1974 cs
835 1913 1007 1988 Tusculani,
1009 1913 1120 2062 lleqol'
1107 1934 1116 1972 o
1093 1913 1335 1976 lBoooniensc's

206 2013 261 2063 not
262 2022 329 2063 cone
349 2001 464 2076 Graeed,
481 2003 522 2063 od
532 2003 635 2064 docem
661 2003 837 2065 Venetorum
852 2025 910 2085 pro
934 2003 1022 2066 oucol
1021 2005 1048 2064 ιο
1073 2001 1219 2064 Coaslt
1153 2012 1205 2065 lon
1208 2005 1339 2086 tinopolc‘

207 2091 370 2154 cohibendo
385 2091 600 2153 echorotcot'orzo.

245 2271 457 2332 illustrissime
485 2277 516 2331 et
544 2271 804 2332 excellentissime
829 2271 986 2350 princeps
1011 2270 1118 2330 distuli
1144 2276 1216 2330 ante
1247 2270 1335 2331 hunc

207 2359 301 2434 diem,
318 2361 476 2421 infelicem
491 2365 522 2420 ct
537 2361 754 2422 calamitosam
770 2360 881 2421 urbem
902 2378 1005 2420 meam
1026 2359 1333 2438 Constantinopolim

205 2455 268 2510 tuoe
294 2449 476 2510 Celsitudini
500 2449 738 2524 commendare,
759 2457 827 2510 tum
849 2450 970 2528 pudore
993 2448 1132 2528 quodam
1154 2448 1335 2509 subrustico

206 2543 370 2615 retractus,
383 2557 422 2598 ne
432 2557 490 2616 pro
506 2538 673 2599 commodo
687 2545 718 2598 et
733 2539 832 2598 salute
842 2538 969 2616 proprie
980 2555 1107 2616 roganS,
1119 2555 1225 2597 meum
1235 2537 1335 2615 ipsius

208 2627 410 2686 commodum
439 2646 580 2706 quaerere
608 2627 749 2702 viderer3
775 2632 843 2686 tum
872 2627 946 2706 quia
975 2629 1031 2685 sua
1060 2631 1171 2704 sponte
1196 2627 1333 2704 inclytus

207 2719 333 2774 senatus
361 2723 480 2788 vester,
512 2721 547 2774 ut
576 2720 622 2775 est
652 2734 728 2793 erga
756 2733 865 2775 omnes
893 2713 1028 2773 afflictos
1059 2713 1333 2788 clementissimus

207 2807 331 2863 tantum
346 2803 415 2882 opis
430 2803 630 2882 praesidiique
644 2809 782 2882 pararat,
798 2809 833 2862 ιιι
848 2819 956 2862 omncs
971 2801 1100 2861 indubie
1116 2802 1334 2863 existimarent

208 2891 294 2968 satis,
309 2892 342 2951 id
357 2891 484 2972 quidem
497 2911 658 2970 superesse
673 2892 714 2951 ad
729 2911 798 2952 eam
812 2892 922 2950 urbem
938 2891 1117 2964 tutandam,
1128 2891 1169 2950 ad
1179 2891 1335 2952 arcendos

208 2999 227 3040 a
251 2981 407 3042 moenibus
427 2981 591 3054 barbaros
614 2981 654 3040 ad
677 2981 831 3059 impetum
851 2979 1058 3039 crudelissimi
1074 2980 1173 3039 hostis
1193 2981 1332 3060 compri-

210 3071 375 3144 mendum;
391 3069 476 3148 quod
490 3069 611 3129 utinam
626 3088 663 3129 eo
678 3069 864 3147 tempestive
880 3067 1097 3146 applicuisset!

248 3161 317 3219 Non
341 3159 424 3217 enim
449 3177 586 3218 essemus
611 3177 665 3236 spe
686 3157 827 3218 destituti
845 3163 943 3237 atque
972 3155 1120 3235 opinione
1144 3159 1252 3218 nostra
1275 3157 1334 3218 de·

209 3246 491 3320 fraudat13verum
513 3265 576 3306 non
597 3247 789 3326 negligentia
807 3247 923 3319 vestra,
945 3247 1044 3324 cujus,
1065 3246 1096 3304 in
1117 3247 1206 3306 tantb
1225 3265 1269 3321 re,
1293 3266 1334 3308 ne

210 3335 413 3395 simulacrum
428 3335 527 3395 ullum
542 3337 691 3414 apparuit
704 3355 857 3415 unquam.

251 3424 367 3484 Sedet
354 3423 527 3484 tvicinitat
480 3424 664 3484 tttehosis
685 3430 715 3484 ct
734 3425 917 3502 importuno
937 3424 1012 3484 anni
1033 3429 1225 3501 tcempore,
1209 3425 1333 3486 etfatis

209 3518 288 3572 a
222 3513 374 3573 solen
375 3512 481 3572 ibusit
483 3512 578 3572 afact
566 3519 633 3573 tum
650 3519 707 3588 est,
724 3513 872 3572 utdum'
863 3532 897 3572 m
912 3513 1015 3573 medio
1034 3531 1126 3573 cursu
1145 3517 1192 3572 est
1179 3512 1333 3588 talassis,

210 3602 283 3661 dum
300 3620 354 3680 spe
368 3601 432 3662 vict
433 3601 507 3662 oriae
524 3601 642 3661 alacres
658 3601 756 3702 copiae
777 3602 809 3661 in
828 3601 900 3662 bost
888 3606 951 3662 tem
967 3603 1071 3662 ferunt
1058 3606 1110 3661 tur
1113 3618 1259 3680 ,praevar
1260 3602 1334 3663 terit

209 3690 363 3750 barbarus
377 3689 499 3762 urbem,
512 3707 607 3766 quam
622 3694 653 3749 et
667 3691 729 3750 situ
741 3689 814 3763 loci,
831 3695 862 3750 et
877 3690 1074 3767 moenibuS,e
1075 3695 1290 3764 tcommeatu,
1303 3697 1335 3752 et

209 3779 296 3840 omni
312 3797 425 3858 genere
439 3777 578 3858 praesidii
592 3777 847 3852 munitissimam,
863 3798 958 3857 quam
972 3779 1074 3840 omnis
1085 3779 1161 3838 anni
1173 3779 1331 3858 integrum

209 3867 276 3947 pati
292 3887 383 3946 posse
399 3865 595 3927 obsidionem
612 3867 794 3945 sperabant,
811 3867 930 3927 viribus
946 3867 1183 3947 expugnaverit.
1202 3870 1279 3928 Rem
1300 3875 1335 3929 ut

139 3973 140 3976 ’
209 3957 295 4016 dictu
311 3955 496 4029 terribilem,
517 3955 562 4015 ita
581 3953 620 4015 ab
641 3955 788 4016 omnibus
808 3954 864 4035 qui
883 3955 1002 4036 aliquid
1020 3955 1053 4015 in
1075 3974 1106 4016 sc
1126 3955 1333 4018 humanitatis

208 4045 339 4120 babent,
357 4063 393 4104 ac
407 4043 582 4124 praesertim
596 4043 775 4104 christianis
789 4044 1029 4124 deplorandam.

249 4134 298 4195 Me
314 4135 479 4194 miserum!
496 4136 564 4193 Non
577 4152 704 4213 possum
719 4133 781 4194 hoc
799 4133 865 4194 sine
883 4135 1022 4194 maximo
1043 4133 1151 4194 dolore
1170 4133 1307 4195 scribere
1324 4152 1331 4194 :

209 4222 289 4282 Urbs
304 4242 374 4300 quoe
391 4223 485 4284 modo
500 4223 557 4282 tali
576 4223 778 4302 imperatore,
795 4227 844 4283 tot
862 4222 1080 4283 illustrissimis
1098 4221 1183 4296 viris,
1200 4227 1249 4283 tot
1268 4222 1333 4284 cla-

209 4313 337 4374 rissimis
358 4314 644 4396 antiquissimisque
671 4314 810 4391 familiis,
832 4318 922 4377 tanta
943 4335 1049 4378 rerum
1074 4316 1165 4396 copia
1187 4315 1333 4390 florebat,
