2924 4780
179 349 238 414 4'56
616 368 841 426 marmoreas

177 487 334 566 princepS,
350 485 509 564 atquibus
524 503 650 564 possum
668 488 812 566 precibus
831 497 919 568 rogo,
936 489 1086 562 obtestor,
1104 487 1246 560 obsecro,
1262 492 1304 546 ut¹

177 575 359 654 compositis
378 574 548 654 aliqnando
563 575 661 635 Italiae
680 577 784 649 rebuS,
800 578 923 657 srneque
938 577 1039 651 bellis,
1055 577 1179 655 quibua,
1197 575 1305 636 chris*

177 663 255 724 tiani
275 663 442 743 principes,
460 663 593 724 invicem
614 665 740 739 saevitis,
757 665 918 745 imposito,
934 666 975 726 ad
993 665 1116 744 majora
1133 669 1298 725 convertas

176 753 284 814 oculos
292 759 522 832 negantemque
531 753 613 813 circa
622 753 864 815 christianorum
873 755 950 816 fines
958 754 1162 815 furibundum
1170 753 1296 814 hostem

175 846 207 902 et
221 846 334 903 cuncta
343 841 524 902 immaniter
540 847 789 921 prosternentem
801 844 944 922 aspicias.

215 928 304 991 Unde
324 935 416 1008 putas
433 947 505 990 eum
521 928 553 988 in
571 934 692 990 tantam
706 929 906 992 insolentiam
929 931 1130 1011 prorupisse?
1144 929 1295 989 nimirum

176 1018 250 1098 quia
278 1017 436 1078 noscerint
464 1015 650 1078 christianos
678 1018 835 1098 principes
864 1019 998 1080 invicem
1026 1019 1109 1079 bella
1139 1023 1296 1096 gerentes,

175 1123 287 1167 manus
309 1113 432 1166 nostras
455 1111 635 1166 nostrorum
659 1107 811 1184 sanguine
834 1107 1020 1181 maculatas,
1042 1125 1130 1166 arma
1152 1105 1300 1166 christia-

175 1213 288 1256 norum
304 1213 414 1255 cruore
434 1194 563 1254 foedata.
580 1196 653 1254 Haec
674 1194 762 1255 illum
789 1195 942 1256 audacem
966 1196 1102 1268 faciunt;
1124 1195 1174 1255 his
1199 1195 1307 1255 fretus.

176 1283 368 1362 praecipuam
385 1283 509 1343 Graeciae
526 1282 685 1343 civitatem
701 1302 801 1362 nuper
814 1302 991 1362 aggressus,
1004 1283 1207 1362 expugnavit,
1220 1283 1305 1342 diri-¹

175 1372 254 1451 puit,
270 1371 412 1432 extinxit.
424 1371 513 1444 Quod
528 1371 565 1445 si,
577 1389 645 1446 noS,
657 1376 692 1432 ut
704 1371 891 1432 christianos
906 1372 1063 1452 principes
1079 1372 1178 1445 decet,
1192 1372 1296 1450 posito

175 1460 284 1521 hostili
300 1460 406 1521 animo
426 1459 595 1521 concordes
617 1467 711 1540 atque
731 1461 895 1522 unanimes
914 1461 1113 1540 intelligeret,
1135 1461 1176 1520 ad
1195 1461 1297 1522 chris-

176 1547 270 1608 tianae
298 1546 457 1626 religionis
486 1547 763 1626 amplificationem
791 1549 967 1650 insurgere,
995 1547 1073 1607 mihi
1099 1548 1205 1621 crede,
1231 1567 1297 1608 non

176 1636 270 1696 modo
290 1635 399 1696 alienis
419 1635 590 1697 abstineret
593 1636 669 1711 ,sed
683 1636 753 1698 loco
770 1636 900 1698 maximi
915 1637 1054 1698 muneris
1069 1636 1196 1697 duceret
1184 1637 1296 1697 tintra

175 1725 254 1786 fines
269 1743 340 1785 suos
354 1743 445 1826 posse
461 1725 639 1786 consistere.
653 1725 819 1805 Eiat1gitur
822 1725 987 1804 ,princeps
1001 1725 1117 1804 inclyte
1122 1725 1300 1804 ,expergis-

177 1832 246 1874 cere
251 1814 487 1892 ,expergiscere
502 1813 686 1893 aliquando,
703 1819 734 1874 et
750 1813 895 1876 extinctis
911 1813 1017 1874 christ
995 1819 1153 1874 tranorum
1168 1813 1251 1874 inter
1265 1833 1299 1875 se

178 1901 268 1975 odiis,
290 1902 375 1980 quod
396 1903 464 1977 tibi,
481 1903 577 1982 quiet
591 1922 649 1964 auo
652 1905 777 1965 toritate
797 1903 969 2005 plurimum
985 1907 1016 1962 et
1029 1901 1152 1980 sapient
1153 1901 1184 1962 ia
1198 1902 1300 1981 polles

177 1990 361 2050 facillimum
376 1991 445 2069 erit,
456 1997 586 2070 pacatos
596 2011 632 2053 ac
647 1993 834 2073 tranquillos
849 1991 971 2052 animos
985 1990 1096 2066 indue;
1108 1995 1139 2050 et
1148 1995 1183 2050 ut
1191 1996 1299 2051 tecum

178 2097 252 2154 una,
269 2080 310 2140 ad
328 2080 539 2141 ulciscendum
565 2080 773 2141 barbarorum
798 2079 965 2159 injuriam,
987 2078 1028 2139 ad
1049 2078 1298 2158 extinguendum

177 2169 356 2230 christiana
372 2169 447 2230 fidei
460 2168 594 2244 hostem,
611 2170 737 2238 adeam
753 2169 912 2230 civitatem
927 2187 998 2246 quae
1014 2167 1089 2228 olim
1103 2173 1215 2228 vestrae
1236 2167 1300 2228 rci-

178 2258 311 2336 publicae
325 2259 394 2332 fuit,
409 2277 554 2338 quaeque,
571 2259 686 2338 adepta
699 2259 841 2333 victoria,
854 2259 961 2319 futura
975 2262 1031 2332 est,
1045 2263 1215 2336 antequam
1228 2257 1303 2316 bar-

177 2345 248 2406 bari
267 2347 361 2408 etiam
380 2347 619 2426 Pelleponesum
636 2347 699 2429 (sic)
715 2353 880 2426 occupent,
897 2345 1156 2425 recuperandam,
1173 2344 1300 2406 incum-

177 2435 266 2507 bant,
288 2435 426 2509 hortare,
442 2454 590 2514 provoca,
607 2437 708 2497 allice.
731 2436 781 2496 Nil
799 2436 859 2497 hoc
882 2435 989 2496 utilius
1007 2433 1141 2512 imperio
1162 2439 1230 2508 tuo,
1255 2433 1301 2493 nil

177 2523 277 2584 ltaliae
297 2529 328 2584 et
347 2523 500 2584 universae
521 2523 764 2586 christianornm
786 2523 968 2604 reipublicae
990 2521 1198 2598 commodius,
1219 2521 1302 2582 nihil

178 2612 351 2672 immortali
359 2614 423 2673 Deo
434 2613 603 2692 acceptius,
612 2613 691 2673 nihil
706 2613 828 2673 nomini
841 2619 896 2673 tuo
907 2611 1073 2690 gloriosius
1083 2612 1186 2672 facere
1196 2617 1299 2690 potes

180 2700 248 2772 Qua
265 2700 298 2760 in
314 2719 359 2775 re,
373 2701 400 2761 si
414 2700 490 2779 quid
504 2701 692 2780 parvitatem
712 2719 817 2761 meam
836 2719 927 2780 posse
951 2706 1007 2761 tua
1024 2699 1183 2760 Celsitudo
1205 2699 1302 2760 intel-

179 2789 302 2865 lexerit,
316 2789 367 2851 vel
380 2790 413 2850 in
428 2789 580 2850 leniendis
594 2795 774 2851 nostrorum
795 2790 918 2864 animis,
935 2790 985 2850 vel
1003 2789 1035 2848 in
1055 2788 1104 2849 his
1122 2789 1163 2849 ad
1181 2789 1302 2849 bellurn

178 2877 322 2940 barbaris
339 2878 537 2940 inferendum
557 2878 774 2952 adhortandis,
790 2878 911 2939 nullum
930 2878 1084 2952 laborem,
1101 2896 1222 2952 curam,
1237 2877 1302 2939 sol-

179 2967 373 3028 licitudinem
392 2968 556 3028 recusabo.
572 2968 665 3038 Bene,
682 2966 786 3028 valeat
804 2967 1015 3028 illustrissima
1031 2965 1211 3028 Dominatio
1233 2973 1301 3026 tua.

217 3057 265 3116 Ex
277 3057 420 3118 Bononia
432 3057 501 3116 Xlll
511 3056 584 3135 julii
597 3057 684 3116 1453.

218 3144 341 3204 Barrus
356 3161 531 3206 enauimus
547 3147 746 3206 Tuscumnus
761 3144 903 3205 Bononnu
918 3159 1064 3205 nsonrus.

219 3241 435 3320 Subscriptio:
455 3266 470 3298 «
480 3242 693 3303 Illustrissimo
704 3249 735 3303 et
745 3241 1004 3302 excellentissimo
1021 3241 1157 3321 principi
1170 3241 1304 3302 domino

179 3329 343 3389 Francisco
358 3331 485 3390 Foscari
496 3331 614 3411 inclyto
629 3331 701 3391 duci
715 3330 927 3393 venetiarum.
947 3353 962 3386 »
