2924 4780
612 403 817 453 APPENDICES
1215 396 1275 456 dl5

155 527 376 588 commissions
400 525 549 604 speciales
568 524 646 584 dont
663 521 821 582 Dorothee
837 541 856 581 a
875 523 932 583 fait
951 525 1062 602 partie,
1082 531 1112 586 ct
1131 527 1151 587 il
1174 531 1277 592 oublic

153 605 193 676 de
215 614 362 694 rappeler
381 634 441 693 que
463 613 627 674 Bessarion
653 630 672 670 a
694 611 751 670 fait
770 611 870 689 partie
896 613 933 672 de
959 619 1060 673 tontes
1084 616 1229 692 cellcsli,
1248 625 1278 680 et

153 705 293 764 d'autres
308 722 432 764 encore.
448 704 474 763 Il
489 703 548 762 cite
565 703 593 761 le
608 701 671 760 zele
690 700 728 758 de
750 700 918 774 Dorothee,
940 720 988 761 ses
1001 704 1114 763 fermes
1135 705 1276 768 declara-

154 794 236 854 tions
261 812 299 852 en
324 793 434 851 faveur
457 791 495 851 de
518 789 654 850 l'Union.
680 790 781 848 list-ce
806 808 865 868 que
889 791 1054 851 Bessarion
1084 792 1193 854 n'etait
1221 814 1277 872 pas

151 900 268 942 encore
284 881 353 959 plus
368 880 613 958 completement
628 878 758 936 decide?
776 883 806 937 et
823 877 945 938 n’a-t-il
966 899 1021 957 pas
1037 880 1113 958 joue
1133 882 1211 942 dans
1234 884 1277 944 les

153 969 371 1049 negociations
393 989 436 1028 un
460 969 526 1028 role
548 968 713 1041 beaucoup
735 966 806 1044 plus
826 973 937 1027 accuse
962 974 993 1028 et
1016 970 1181 1050 beaucoup
1207 972 1277 1050 plus

155 1058 372 1119 considerable
388 1076 448 1135 que
466 1055 644 1116 Dorotheci
659 1054 685 1113 ll
699 1055 757 1114 cite
771 1055 799 1114 le
814 1061 898 1115 texte
912 1058 1036 1118 salvant
1052 1076 1059 1119 :
1079 1083 1093 1115 a
1110 1059 1278 1140 ἐκλεξάμενοι

153 1139 197 1206 οὖν
210 1147 254 1206 τόν
268 1171 296 1205 τε
314 1145 442 1219 Ῥωσίας,
452 1144 498 1205 κὰν
513 1144 556 1204 τὸν
571 1143 683 1210 Numitor
695 1142 740 1202 >riu
756 1144 799 1202 tut
815 1144 1069 1227 οταυρορόρους....,
1085 1149 1277 1228 ἀπεστείλαμεν

153 1233 259 1308 αὐτοὺς,
275 1233 431 1301 απελθόντες
450 1233 534 1293 τόινυν
557 1232 603 1292 xlii
625 1231 657 1290 τὰ
678 1235 730 1312 παῤ
749 1236 826 1310 ἡμῶν
844 1234 989 1306 talarem
1009 1240 1047 1316 τῷ
1069 1237 1144 1320 πάντᾳ
1160 1242 1275 1306 εἴποντος

152 1316 230 1397 ἦλθον
245 1324 268 1384 ¹.
286 1346 301 1378 ν)
322 1323 347 1382 ll
360 1323 514 1382 demande
538 1327 697 1381 comment
717 1321 881 1381 Bessarion
897 1324 999 1383 aurait
1015 1345 1057 1403 pu
1073 1326 1153 1385 ainsi
1169 1327 1273 1404 parler

153 1412 192 1472 de
207 1412 378 1471 lui-meme.
392 1413 428 1471 Je
443 1409 579 1488 reponds
595 1427 656 1488 que
675 1409 703 1467 le
722 1428 795 1468 noas
815 1411 989 1490 s'applique
1008 1413 1049 1472 ici
1067 1432 1129 1472 aux
1149 1415 1272 1492 parolcs

153 1501 208 1560 des
220 1502 322 1560 Grecs.
340 1500 428 1560 Voici
443 1498 599 1558 d'ailleurs
616 1517 658 1557 un
679 1503 762 1557 texte
778 1498 976 1559 absolument
992 1500 1033 1560 du
1047 1504 1148 1561 meme
1164 1521 1270 1579 genre,

153 1590 240 1649 obla
255 1591 356 1648 meme
372 1588 651 1647 invraisemblance
668 1585 787 1646 devrait
801 1589 865 1645 etro
879 1587 1034 1667 invoquee
1050 1599 1156 1650 contre
1171 1593 1272 1652 Doro-

153 1677 226 1737 thee
245 1695 251 1737 :
269 1701 284 1733 u
299 1676 447 1746 ἐξελέξαντο
462 1675 489 1736 δὲ
504 1675 549 1735 κλει
564 1679 588 1734 οἳ
602 1673 723 1756 ἡμέτεροι
738 1675 790 1734 ἀπὸ
801 1682 847 1734 τοῦ
857 1675 951 1756 μέρους
966 1680 1052 1736 αὐτῶν
1066 1678 1110 1738 τὸν
1124 1679 1274 1753 Μιτυλήνης

153 1765 287 1847 Δωρόθεον
302 1765 325 1823 ².
343 1788 358 1820 n
374 1764 465 1823 Enfin
478 1765 500 1823 il
516 1764 573 1823 fait
591 1761 763 1822 intervenir
781 1763 859 1821 dans
881 1763 910 1822 le
925 1764 1020 1825 debat
1045 1786 1085 1825 un
1107 1774 1274 1845 argument

154 1873 299 1914 nouveau
316 1872 323 1913 :
339 1853 413 1913 c'est
427 1873 469 1911 un
483 1853 556 1912 bref
572 1853 613 1910 du
635 1870 717 1929 pape
736 1852 861 1928 Eugene
886 1854 936 1925 lV,
955 1852 996 1912 du
1021 1855 1055 1913 ll
1081 1859 1156 1915 aodt
1183 1857 1271 1930 1439,

154 1943 348 2020 assignantis
369 1941 526 2000 Dorothee
548 1941 586 2000 de
608 1939 756 2016 Mitylene
778 1941 837 1998 300
858 1940 966 2000 florius
991 1942 1029 2001 de
1050 1941 1271 2020 gratification,

154 2051 235 2109 pour
250 2050 305 2091 son
325 2031 388 2090 zele
408 2049 447 2089 en
464 2031 573 2090 faveur
588 2029 626 2089 de
646 2027 781 2101 l’Union,
802 2047 849 2088 scs
866 2031 998 2090 services
1019 2032 1090 2110 deja
1109 2034 1223 2093 rondus
1242 2040 1272 2094 et

154 2138 233 2180 ceux
247 2119 323 2198 qu'il
335 2138 366 2179 se
382 2118 541 2196 preparait
561 2135 673 2177 encore
693 2120 712 2176 a
732 2117 856 2176 rendre.
872 2120 1042 2179 Fromman
1059 2121 1191 2198 pretend
1213 2140 1272 2199 que

153 2227 203 2268 ces
218 2209 278 2266 300
292 2207 411 2281 florins,
428 2225 489 2265 une
505 2205 563 2265 fois
579 2205 708 2277 donnes,
727 2204 843 2264 etaient
856 2205 901 2265 les
917 2206 1100 2267 honoraires
1116 2208 1153 2266 de
1173 2209 1272 2268 Doro-

152 2297 225 2356 thee
239 2314 319 2373 pour
333 2297 364 2354 la
379 2294 541 2354 redaction
558 2294 612 2353 des
624 2293 713 2353 Acta.
730 2293 771 2351 Le
786 2293 940 2368 malheur,
957 2295 1032 2355 c'est
1045 2315 1116 2374 que,
1128 2296 1156 2355 le
1168 2299 1271 2355 meme

149 2384 235 2462 jour,
247 2404 289 2443 un
305 2384 376 2443 bref
384 2382 546 2461 pontifical
561 2401 660 2456 conqu
673 2381 751 2440 dans
767 2382 820 2442 des
835 2387 949 2442 termes
960 2383 1136 2462 identiques
1149 2383 1272 2462 assigne

153 2472 348 2532 aBessarion
365 2491 424 2531 une
440 2471 571 2548 pensiori
593 2471 632 2530 de
649 2471 708 2529 300
727 2471 835 2531 ssorins
852 2472 899 2530 s'il
918 2478 1064 2533 retourne
1083 2477 1102 2533 a
1118 2473 1271 2533 Constan-

153 2561 283 2639 tinople,
301 2565 331 2619 et
351 2560 388 2618 de
405 2561 464 2618 600
481 2558 588 2617 ssorins
608 2557 656 2617 s'il
671 2558 756 2618 vient
776 2577 807 2618 se
827 2559 906 2618 fixer
929 2562 947 2620 a
967 2563 1076 2634 Rome,
1090 2580 1129 2622 en
1154 2566 1271 2621 recom-

153 2669 248 2730 pense
262 2649 315 2710 des
331 2652 448 2709 memes
464 2647 596 2707 services
612 2653 642 2706 et
656 2647 694 2706 de
707 2647 777 2725 plus
792 2648 907 2726 grands
922 2668 1033 2710 encore
1045 2649 1069 2710 ³.

184 2849 208 2896 t.
226 2845 302 2905 Acta,
316 2844 365 2893 col.
383 2845 437 2892 508.
458 2870 489 2878 -
505 2845 527 2891 2.
543 2841 594 2902 lat,
611 2842 660 2892 col.
677 2845 714 2892 17,

183 2917 206 2964 3.
222 2915 295 2964 Voici
312 2915 337 2963 le
352 2915 412 2963 bref
429 2913 465 2962 du
484 2927 554 2978 pape
573 2914 680 2976 Eugene
698 2913 739 2972 IV,
755 2913 791 2962 tel
811 2927 863 2976 que
883 2915 1026 2964 Fromman
1045 2915 1150 2965 l'insere
1166 2919 1202 2980 (p.
1219 2917 1269 2979 80),

152 2987 257 3050 d'apres
281 3001 319 3035 un
340 2985 487 3034 manuscrit
513 2985 545 3033 de
564 2984 590 3033 la
612 2984 796 3046 bibliotheque
820 2985 956 3034 Barbarini
980 2987 1053 3048 (xvi,
1077 2989 1115 3048 85,
1136 3001 1165 3050 p.
1191 2987 1269 3045 last:

153 3075 166 3100 a
190 3054 338 3118 Eugenius,
366 3058 415 3103 etc.
443 3053 593 3104 Venerabili
618 3053 692 3101 fratri
716 3054 851 3103 Dorotheo
872 3055 1078 3120 Archiepiscopo
1099 3055 1271 3120 Mitylenensi

151 3126 271 3176 Salutem
288 3129 314 3174 et
330 3125 508 3189 Apostolicam
518 3123 744 3173 benedictionem.
758 3125 823 3173 Cum
838 3139 888 3173 nos
906 3125 938 3174 de
952 3129 1005 3175 tuae
1021 3126 1269 3191 circumspectionis

152 3197 284 3246 industrii
301 3196 510 3261 prudentieque,
523 3196 551 3243 in
563 3195 652 3254 rebus,
670 3197 788 3244 sanctam
806 3196 947 3246 orientalis
958 3201 984 3246 et
994 3199 1171 3249 Occidentalis
1181 3199 1270 3248 Eccle-

51 3267 54 3274 '
152 3269 251 3317 siarum
271 3269 399 3317 unionem
420 3265 652 3325 concernentibus,
674 3267 860 3329 comprobate,
885 3281 960 3330 spem
980 3271 1181 3334 conceperimus
1202 3269 1270 3322 fidu·

152 3340 274 3402 ciamque
290 3339 447 3402 singulares,
459 3338 531 3402 quod
543 3351 582 3395 ea,
599 3350 658 3399 quac
672 3337 721 3385 tibi
735 3337 804 3386 circa
821 3338 879 3386 hac
894 3341 1086 3391 committenda
1102 3343 1269 3409 duxerimus,

152 3411 265 3459 feliciter
279 3409 458 3473 prosequeris,
475 3412 555 3471 teque
571 3408 605 3456 ob
632 3408 683 3455 hoc
705 3408 738 3456 ad
762 3409 918 3472 hujusmodi
932 3412 1032 3474 negotii
1053 3417 1267 3476 prosecutionem

152 3482 265 3530 feliciter
283 3481 432 3529 faciendam
458 3480 635 3542 elegerimus;
660 3493 710 3527 nos
737 3480 915 3540 attendentes,
936 3495 966 3530 ac
987 3483 1098 3547 dignum
1118 3494 1267 3552 censentes,

153 3552 225 3615 quod
240 3553 268 3600 in
278 3551 357 3600 vineti
372 3552 479 3600 Domini
496 3551 657 3610 laborantes,
669 3551 803 3613 condigni
819 3551 918 3600 debent
933 3567 990 3603 esse
1006 3557 1157 3618 provisione
1174 3559 1266 3621 fulciti,

153 3624 211 3683 tibi,
229 3625 259 3672 ut
275 3636 453 3686 expensarum
473 3635 563 3680 onera,
583 3635 642 3684 quae
657 3622 797 3685 premissa
815 3623 955 3672 occasione
979 3627 1068 3676 subire
1084 3628 1177 3691 habes,
1195 3644 1267 3680 com-

152 3693 259 3743 modius
272 3696 439 3757 supportare,
456 3692 625 3755 quietiusque
642 3705 673 3740 ac
687 3692 832 3740 ferventius
846 3693 873 3740 in
888 3708 916 3742 re
931 3699 986 3744 tam
1001 3697 1111 3746 salutari
1132 3702 1158 3748 et
1176 3701 1266 3751 ortho-

152 3765 229 3814 doxae
246 3764 309 3812 fidei
328 3763 439 3827 gloriam
461 3762 643 3822 concernenti,
654 3763 843 3818 ¹commissioni
861 3765 911 3813 tibi
924 3766 1000 3816 factae
1014 3768 1153 3818 intendere
1167 3771 1265 3835 valeas,

153 3848 287 3884 summam
301 3835 464 3884 florenorum
480 3833 536 3882 auri
554 3833 586 3881 de
605 3833 710 3882 camera
726 3836 907 3885 trecentorum
917 3851 966 3900 pro
976 3851 1046 3886 anno
1056 3839 1111 3901 (sic)
1122 3841 1266 3905 stipendio,

153 3920 233 3970 super
249 3905 389 3967 fructibus,
406 3905 556 3954 redditibus
572 3907 598 3954 et
611 3905 786 3968 proventibus
802 3905 918 3956 Camerae
933 3907 1091 3971 Apostolicae
1105 3911 1154 3960 tibi
1167 3916 1267 3976 persol-

152 3978 267 4026 vendam
295 3979 451 4028 auctoritate
473 3977 634 4041 Apostolicd,
651 3979 744 4026 tenore
771 3980 952 4041 praesentium,
974 3995 1151 4044 reservamus,
1171 3988 1269 4036 consti-

152 4049 253 4097 tuimus
278 4051 305 4097 et
326 4050 509 4112 assignamus,
535 4049 583 4098 tibi
604 4062 651 4112 per
677 4051 712 4109 te,
733 4048 773 4097 vel
796 4054 995 4113 procuratorem
1014 4055 1100 4113 tuum,
1114 4055 1269 4119 hujusmodi

153 4133 287 4168 summam
311 4120 465 4182 praedictam
480 4120 524 4179 ¹ab
547 4119 706 4168 officialibus
731 4122 757 4168 et
780 4120 904 4182 gentibus
921 4121 998 4170 dictae
1018 4136 1129 4173 camene
1148 4127 1269 4189 petendi,

153 4190 288 4253 exigendi,
305 4189 424 4252 levandi,
437 4189 585 4253 recipiendi
603 4193 630 4239 ct
645 4190 818 4251 extrahendi3
834 4191 866 4239 de
882 4193 996 4255 receptis
1012 4206 1118 4257 quoque
1136 4196 1266 4260 quitandi,

152 4260 295 4320 liberandi,
311 4263 338 4309 ct
351 4261 508 4313 absolvendi
521 4261 591 4309 hanc
607 4261 648 4324 (i),
666 4262 733 4310 serie
744 4261 898 4311 facultatem
910 4264 1096 4326 concedentes,
1108 4267 1268 4319 mandantes

154 4331 313 4380 officialibus
328 4335 355 4380 et
370 4337 495 4396 gentibus
512 4331 658 4396 praedictis,
674 4336 808 4396 quatenus
821 4333 921 4396 absque
938 4335 990 4383 alio
1004 4337 1131 4388 mandato
1146 4342 1267 4404 requisiti
