2924 4780
196 380 256 440 458
654 394 859 447 APPENDICES

196 511 303 574 sitates
323 519 354 574 et
373 512 534 588 officiales,
555 513 655 575 dictas
678 513 899 576 conventiones
919 517 1013 592 pacta
1030 517 1061 573 et
1078 513 1217 592 capitula
1231 516 1311 580 inire

196 601 382 683 potuissent,
403 619 440 662 ea
459 602 549 664 dictis
567 603 680 663 ludaeis
699 622 763 664 non
783 602 960 677 observare,
977 601 1032 662 sed
1051 608 1162 663 contra
1175 606 1315 683 capitula

196 690 360 770 privilegia
370 695 400 750 ct
410 691 643 766 conventiones,
654 711 724 772 quae
734 692 773 752 de
783 692 984 752 concessione
997 695 1059 750 tuae
1069 692 1312 772 DominationiS,

195 784 492 859 antecessorumque
511 785 639 840 tuorum
659 799 730 841 cum
750 779 1039 853 communitatibus,
1054 779 1184 855 civibus,
1201 789 1233 842 et
1247 785 1315 844 uni-

194 868 395 929 versitatibus
414 867 576 930 civitatum
591 875 758 948 terrarum,
775 873 806 928 et
817 869 959 929 locorum
974 868 1007 928 in
1023 869 1136 947 quibus
1154 868 1313 946 habitant,

195 956 1312 1038 multiplicitervexare,perturbareetgravareceperunt.-Ouocirca,

194 1045 373 1106 Dominatio
392 1051 423 1106 et
441 1046 624 1107 Sublimitas
644 1052 700 1107 tua
720 1046 880 1124 frequenti·
896 1046 1052 1108 dictarum
1072 1047 1314 1108 universitatum

195 1133 310 1194 civium
337 1140 369 1195 et
388 1134 549 1195 civitatum
574 1136 798 1215 conquestione
819 1139 978 1214 permota,
999 1134 1090 1194 nobis
1112 1136 1312 1214 supplicavit,

194 1227 230 1281 ut
244 1240 337 1300 super
351 1221 400 1282 his
414 1224 631 1284 commoditati
644 1225 835 1304 populorum
850 1230 974 1284 tuorum
992 1224 1158 1303 providere
1173 1224 1212 1285 de
1227 1225 1315 1286 beni-

194 1309 313 1389 gnitate
339 1311 513 1389 apostolica
538 1312 750 1391 dignaremur,
773 1332 829 1374 nos
851 1313 948 1390 igitur
971 1312 1143 1390 cupientes,
1157 1319 1313 1392 quantum

194 1404 265 1458 cuin
276 1400 340 1459 Deo
355 1418 531 1478 possumus,
545 1402 723 1475 commodo,
735 1401 958 1481 tranquillitati
972 1406 1002 1461 et
1017 1401 1133 1461 minori
1147 1400 1312 1480 dispendio

193 1487 383 1566 populorum
401 1490 606 1567 praefatorum
621 1491 796 1569 providere,
812 1489 1041 1550 Dominationis
1056 1508 1092 1550 ac
1113 1491 1314 1552 Gelsitudinis

193 1583 255 1636 tuae
282 1577 314 1636 in
337 1576 398 1638 hac
423 1584 512 1656 parte
540 1579 820 1658 supplicationibus
848 1579 1000 1652 inclinati,
1024 1579 1223 1655 auctoritate,
1249 1583 1315 1660 qua

193 1665 356 1744 fungimur
386 1667 558 1745 apostolica
583 1674 614 1729 et
640 1669 783 1747 plenaria
804 1686 898 1746 super
923 1667 984 1727 hoc
1008 1667 1157 1727 facultate
1180 1669 1313 1744 suffulti,

192 1752 355 1828 volumus,
381 1755 567 1831 statuimus,
595 1761 690 1836 atquc
717 1756 932 1832 decernimus,
958 1761 1066 1816 tenore
1094 1757 1312 1834 praesentium,

192 1842 278 1920 quod
296 1861 404 1902 omnes
424 1845 666 1920 conventiones,
679 1845 905 1918 concessiones,
926 1843 1076 1923 capitula,
1097 1845 1263 1924 privilegia
1283 1853 1314 1906 et

192 1935 297 2008 pacta,
317 1931 433 1992 eisdem
453 1933 567 1993 ludaeis
586 1953 744 2008 concessa,
765 1953 836 2014 quae
861 1938 891 1992 et
915 1951 993 2012 quas
1012 1932 1051 1992 de
1071 1933 1314 1995 confirmatione

192 2036 247 2078 scu
262 2022 653 2083 consensuDominationis
666 2027 728 2082 tuae
741 2042 777 2083 ac
793 2027 1026 2083 antecessorum
1047 2025 1078 2081 ct
1095 2039 1314 2082 successorum

191 2111 317 2168 tuorum
334 2128 404 2170 cum
421 2110 610 2186 civitatibus,
628 2111 746 2172 civibus
761 2117 792 2172 et
806 2109 1061 2170 universitatibus
1075 2109 1313 2186 provinciarum

190 2201 342 2272 tuarum,
373 2204 549 2259 castrorum
583 2205 614 2260 et
641 2200 783 2261 locorum
812 2198 1036 2278 praedictorum
1071 2197 1314 2277 quomodolibet

190 2285 343 2347 hactenus
359 2287 497 2348 inierunt
511 2293 542 2348 et
554 2289 706 2362 fecerunt,
720 2289 771 2349 vel
784 2289 817 2348 in
832 2293 993 2366 posterum
1007 2286 1132 2346 inibunt
1147 2291 1178 2346 et
1193 2287 1313 2348 facient

191 2374 397 2437 observentur
411 2383 442 2436 et
460 2376 521 2436 illis
537 2377 633 2437 libere
648 2378 825 2456 potiantur;
852 2377 998 2456 quodque
1014 2375 1144 2454 pacifice
1158 2375 1190 2435 et
1206 2375 1313 2453 quiete

192 2480 264 2522 eum
283 2464 345 2524 illis
365 2469 459 2538 stare,
475 2465 590 2540 vivere,
613 2465 791 2537 conversari
811 2470 841 2526 et
860 2463 998 2526 traficari
1015 2463 1113 2524 libere
1131 2463 1231 2524 ludaei
1249 2465 1313 2544 ipsi

190 2552 424 2629 permittantur.
440 2553 655 2629 Absolventes,
668 2555 781 2616 harum
796 2560 916 2628 tenore,
930 2553 1184 2614 Dominationcm
1199 2558 1231 2614 et
1245 2555 1313 2614 Gel-

191 2639 357 2700 situdinem
379 2647 467 2702 tuam
487 2661 524 2703 ac
543 2662 652 2704 omnes
671 2649 702 2704 et
719 2643 859 2722 singulos
877 2649 1025 2715 rectores,
1045 2642 1138 2715 cives,
1154 2641 1311 2706 universi·

184 2733 266 2788 tates
281 2735 312 2789 et
327 2729 477 2791 officiales
490 2733 736 2810 provinciarum,
749 2739 916 2805 terrarum,
929 2737 1105 2792 castrorum
1120 2735 1152 2790 ct
1165 2730 1311 2791 locorum

184 2818 419 2896 praedictorum,
436 2820 491 2900 qui
510 2825 541 2881 et
561 2841 631 2901 quae
647 2826 777 2900 propter
792 2820 1027 2894 conventiones,
1046 2819 1263 2880 concessiones
1281 2825 1312 2881 et

182 2911 286 2986 pacta,
304 2908 466 2986 praedlcta,
483 2910 721 2989 quomodolibet
735 2907 1070 2970 excommunicationis
1090 2907 1194 2968 vinclo
1212 2909 1309 2970 inno-

183 2995 265 3056 datae
281 3002 398 3070 essent;
416 3003 447 3058 et
465 2999 547 3058 utin
563 3005 724 3076 posterum
744 2998 861 3058 similes
878 2996 1094 3058 concessiones
1114 3003 1146 3056 et
1168 2997 1310 3075 capitula

182 3083 261 3144 inire
275 3086 397 3163 possint
411 3093 441 3146 et
455 3105 522 3160 sua,
534 3088 596 3146 tuis
610 3087 721 3147 eadem
737 3086 926 3147 auctoritate
942 3085 1159 3159 concedentes,
1172 3104 1309 3146 conveu-

181 3172 346 3252 tionesque
369 3181 399 3235 et
416 3175 555 3254 capitula
568 3175 751 3254 hujusmodi
765 3175 908 3235 similiter
923 3173 1085 3234 observari
1104 3174 1306 3235 mandantes

182 3260 385 3338 injungentes
407 3263 536 3342 insuper
559 3265 716 3338 omnibus,
733 3270 800 3324 tam
824 3263 944 3324 clericis
964 3281 1061 3342 quam
1081 3262 1181 3334 laicis,
1199 3261 1308 3340 cujus-

185 3366 319 3427 cumque
329 3351 458 3425 ordinis,
471 3355 582 3426 statas,
592 3353 719 3431 gradus,
731 3353 919 3413 conditionis
934 3351 1081 3424 existant,
1095 3356 1160 3410 tam
1171 3368 1310 3429 praeseu·

184 3435 267 3497 tibus
291 3457 387 3518 quam
410 3439 534 3515 futuris,
559 3443 592 3501 in
614 3442 731 3503 virtute
754 3447 870 3501 sanctae
893 3439 1092 3514 obedientiae,
1114 3457 1249 3518 quarum
1274 3439 1308 3498 in

183 3527 365 3603 praemissis,
383 3545 438 3588 seu
457 3534 567 3590 contra
582 3531 665 3590 hanc
679 3536 820 3591 nostram
841 3529 1074 3590 concessionem
1091 3527 1212 3588 nullam
1228 3546 1305 3588 con-

182 3615 277 3676 trarie
293 3621 497 3694 praesumant,
510 3618 783 3679 nonobstantibus
798 3619 1047 3698 quibuscumque
1062 3617 1095 3677 in
1109 3615 1306 3678 contrarium

146 3731 148 3736 ·
184 3703 383 3765 facientibus.

223 3793 259 3852 ln
274 3813 410 3873 quorum
425 3795 521 3855 fidem
536 3795 633 3856 robur
648 3802 678 3856 et
690 3796 906 3857 testimonium
921 3800 1092 3874 praesentes
1111 3800 1234 3855 nostras
1252 3793 1305 3853 lit-'

183 3885 266 3942 teras
289 3883 369 3958 fieri,
391 3903 428 3944 ac
453 3879 553 3944 nostri
575 3885 716 3946 consueti
735 3885 829 3964 sigilli
848 3885 1000 3964 jussimus
1025 3883 1213 3964 apperiscite
1239 3880 1303 3962 (sic)

182 3989 309 4031 muniri.

221 4061 292 4122 Dat.
317 4063 454 4124 Venetiis
477 4063 510 4124 in
532 4063 724 4125 monasterio
747 4062 786 4124 Stl
809 4063 933 4144 Georgii
956 4061 1085 4142 majoris
1107 4063 1146 4122 A⁰
1164 4063 1202 4122 b.
1224 4063 1302 4123 1463

181 4147 234 4209 XV
248 4149 312 4210 kal.
329 4151 460 4212 Januar.
480 4153 501 4212 ¹.

214 4313 237 4360 t.
251 4313 291 4362 Eu
304 4327 395 4380 merge
413 4332 419 4366 :
438 4337 449 4361 ιι
464 4317 568 4366 Bullam
588 4318 769 4369 authenticam
788 4316 994 4383 repperiverunt
1014 4316 1042 4376 iu
1062 4315 1179 4380 quadum
1202 4316 1304 4368 scatult

182 4383 244 4446 post
255 4383 367 4446 ianuam
381 4387 535 4438 inferiorem
550 4390 667 4442 consilii.
685 4408 697 4434 n
