2924 4780
583 411 789 463 APPENDICES
1182 406 1237 467 451

120 530 201 590 siam
223 529 364 608 ritusque
388 526 455 607 ejus
478 533 509 589 et
537 529 733 590 caerimonias
759 532 928 606 celebrant,
954 538 1069 593 sanctae
1090 536 1238 600 Romanae

120 617 332 680 reconciliasti
355 617 503 678 ecclesiae.
529 620 575 678 Tu
603 619 756 679 reduxisti
782 621 935 681 Armenes
963 640 1020 700 per
1047 626 1150 683 totum
1176 627 1239 689 sere

120 709 232 770 orbem
247 706 376 766 diffusos
391 725 427 766 33
442 725 566 785 sparsos
581 709 815 769 :Jacobitarum
832 715 939 788 gentes
953 717 1106 771 venerunt
1119 717 1153 771 ut
1167 713 1242 776 fidei

119 798 286 858 veritatem
307 801 414 872 perte
436 795 618 857 doceantur.
636 799 682 857 Tu
706 803 737 858 et
760 799 903 858 excitasti
926 797 1089 878 Ethiopos,
1106 820 1240 879 qnorum

119 883 359 946 innumerabilis
373 903 522 944 numerus
537 891 594 959 est,
607 893 701 966 atque
715 887 960 967 inexpugnabile
971 889 1240 966 potentissimum-

121 993 182 1054 que
195 974 375 1053 imperium,
389 979 420 1032 et
431 973 534 1034 adhuc
548 974 670 1054 vigilas
680 982 715 1037 ut
731 976 771 1037 ad
785 975 879 1036 fidem
895 975 1084 1036 catholicam
1100 997 1153 1038 eos
1171 980 1241 1040 alli-

120 1064 196 1137 cias,
213 1062 357 1142 equibus
372 1062 537 1137 ambobus,
555 1070 709 1142 quantum
724 1066 757 1125 in
773 1070 803 1125 te
818 1069 875 1138 est,
892 1064 952 1124 nisi
966 1063 1018 1125 isti
1033 1066 1139 1127 oculos
1155 1068 1241 1128 clau-

121 1151 210 1224 dant,
234 1170 299 1212 333
323 1150 482 1211 modicum
507 1153 643 1214 fructum
672 1153 802 1215 ecclesia
829 1153 886 1214 Dei
913 1158 959 1212 est
988 1153 1148 1216 habitura.
1166 1157 1242 1228 Quis

121 1239 293 1314 enarrabit,
311 1244 366 1300 aut
385 1240 455 1319 quis
479 1242 658 1303 numerabit
677 1243 727 1303 vel
745 1242 855 1303 laudes
874 1247 955 1314 tuas,
970 1241 1021 1302 vel
1044 1261 1093 1302 res
1118 1247 1243 1322 gestas?

121 1329 199 1390 (1333
229 1346 303 1406 ergo
333 1328 430 1389 talem
454 1335 484 1390 te
506 1329 621 1408 ipsum,
641 1331 762 1410 Eugeni
785 1337 876 1410 pater
899 1330 1104 1407 sanctissime,
1122 1334 1240 1394 consti-

120 1417 218 1478 tueris
233 1417 287 1496 qui
301 1418 413 1478 merito
428 1424 559 1479 vocatus
577 1421 735 1500 Eugenius
760 1439 808 1496 es;
826 1438 900 1479 nam
921 1419 1080 1497 Eugenius
1104 1422 1241 1482 nobilem

121 1525 223 1586 graece
238 1505 404 1584 significat,
417 1513 448 1566 et
463 1508 590 1587 astirpe
606 1514 710 1570 ortum
725 1508 889 1588 praeclara,
902 1526 1035 1586 cumque
1044 1508 1242 1588 despectione

121 1595 224 1656 omnis
243 1600 375 1654 1333333
395 1595 570 1657 nobilitatis
594 1598 793 1658 nobilitatem
817 1596 976 1656 coelestem
1004 1596 1045 1656 sis
1069 1604 1240 1673 assecutus,

121 1683 207 1763 quod
221 1702 346 1758 munus,
362 1684 423 1743 nisi
437 1684 524 1764 quod
538 1685 579 1744 ad
600 1705 800 1746 communem
825 1684 927 1763 gregis
950 1685 997 1744 tui
1020 1685 1188 1746 utilitatem
1212 1693 1243 1747 et

121 1773 310 1834 catholicam
325 1772 420 1833 fidem
435 1773 592 1852 pertineat
606 1774 664 1834 tibi
679 1775 779 1854 magis
794 1773 983 1834 conveniat?

160 1862 251 1922 Talia
268 1881 343 1922 vero
355 1861 463 1940 judico
478 1881 545 1922 esse
560 1883 631 1942 333
646 1864 697 1924 1113
713 1868 819 1924 333133
833 1862 944 1922 beatus
957 1861 1099 1936 Basilius,
1117 1863 1242 1942 spiritns

121 1951 209 2024 tuba,
228 1951 472 2011 instrumentum
496 1953 681 2030 gratiarum,
705 1951 868 2031 sapientiae
892 1950 1033 2028 pelaguS,
1055 1953 1241 2030 cognitionis

120 2039 285 2114 terminus,
302 2039 513 2124 quemnescio
529 2060 592 2120 quo
609 2041 735 2101 nomine
751 2039 821 2119 quis
837 2039 930 2117 digne
944 2043 1050 2118 posset
1064 2041 1235 2118 appellare,

121 2128 270 2189 adversus
280 2127 470 2188 Eunomium
480 2129 625 2207 impium,
636 2148 672 2190 ac
683 2129 778 2190 etiam
790 2128 852 2188 alia
862 2126 903 2188 ad
913 2133 1055 2188 sanctum
1072 2127 1237 2206 Amphilo-

121 2216 240 2290 chium,
256 2217 450 2277 lconiensem
472 2217 666 2296 episcopum,
689 2237 753 2278 non
773 2217 892 2295 absque
909 2215 1115 2296 inspiratione
1135 2216 1242 2277 divina

120 2323 178 2384 pro
187 2305 342 2383 unigeniti
349 2323 385 2365 ac
395 2305 522 2383 spiriths
532 2307 632 2366 sancti
642 2305 757 2366 deitate
769 2305 948 2383 conscripta
957 2304 1119 2365 volumina
1130 2303 1239 2378 edidit,

121 2412 192 2472 quae
202 2393 413 2454 Nazianzenus
426 2394 478 2454 ille
489 2413 622 2474 magnus
631 2395 796 2474 Gregorius
805 2395 917 2454 merito
929 2393 996 2472 igni
1010 2397 1174 2470 comparat
1182 2393 1239 2453 So-

121 2481 283 2542 domitico.
294 2519 333 2527 —
343 2485 434 2556 Nam,
446 2483 561 2560 partim
574 2484 801 2560 sententiarum
813 2483 976 2562 gravitate,
989 2481 1104 2560 partim
1115 2499 1240 2560 compo·

121 2569 242 2630 sitionis
259 2570 504 2648 pulchritudine,
519 2577 550 2632 et
569 2577 635 2632 tum
658 2572 850 2650 optimarum
868 2569 1026 2630 rationum
1045 2569 1237 2648 inventione,

119 2664 188 2719 tum
205 2659 330 2718 summa
348 2659 558 2737 persuadendi
574 2661 689 2721 virtute
708 2660 931 2720 haereticorum
953 2658 1076 2737 linguas
1095 2659 1185 2718 facile
1205 2659 1238 2718 in

121 2746 258 2806 cinerem
273 2747 429 2827 redigunt.
444 2748 539 2827 Cujus
558 2749 670 2822 oratic,
688 2767 760 2809 cum
777 2753 899 2808 tantam
918 2747 983 2806 vim
1000 2764 1037 2806 ac
1052 2745 1235 2824 dignitatem

119 2836 290 2914 possideat,
301 2843 335 2897 ut
349 2838 526 2898 difficilesit
540 2839 572 2897 in
587 2838 696 2916 lingua
708 2837 813 2915 graeca
827 2835 952 2915 gravius
968 2834 1087 2914 aliquid
1103 2839 1159 2894 331
1174 2835 1237 2894 313-

120 2924 245 3002 gantius
260 2925 400 2985 iuvenire
415 2945 471 3004 per
486 2926 647 2986 homiuem
661 2945 723 2985 non
738 2925 831 2985 modo
845 2929 985 3002 paternae
1001 2929 1032 2982 31
1048 2941 1171 3000 graecae,
1184 2923 1238 2982 sed

119 3011 216 3072 etiam
241 3012 347 3072 latinae
375 3013 490 3090 linguae
516 3013 761 3092 peritissimum,
789 3011 956 3090 Georgium
980 3010 1235 3089 Trapezuutium,

118 3100 222 3160 virum
239 3119 313 3160 sane
327 3103 615 3180 eloquentissimum
627 3121 663 3162 ac
681 3101 920 3161 disertissimum
936 3105 1062 3180 tuaeque
1077 3099 1237 3159 sanctitati

118 3189 262 3249 deditum
281 3189 341 3250 feci
360 3191 536 3251 transferri.
553 3193 627 3264 Quae
643 3209 693 3250 res
706 3196 741 3249 ut
756 3190 855 3262 fieret,
867 3189 983 3248 idcirco
1004 3187 1076 3247 dedi
1093 3207 1233 3266 operam,

117 3277 206 3356 quod
225 3283 255 3337 et
273 3278 456 3340 Latinorum
481 3279 597 3359 generi,
615 3279 701 3339 omni
723 3278 875 3354 doctrina,
897 3277 984 3337 omui
1002 3276 1128 3351 virtute,
1150 3278 1236 3337 omni

117 3364 274 3443 sapientia
287 3365 466 3446 ingeniique
481 3368 646 3446 splendore
659 3366 803 3445 praedite,
816 3371 893 3444 puto
908 3383 958 3425 me
974 3365 1081 3424 fecisse
1097 3366 1235 3442 gratissi-

117 3455 300 3533 mum;qui,
317 3456 461 3533 quamvis
477 3457 642 3530 Hilarium,
662 3455 883 3533 Augustinum,
904 3453 1141 3532 Hieronymum,
1158 3455 1233 3514 Leo-

117 3561 204 3620 nem,
229 3543 424 3622 Gregorium,
447 3544 588 3623 aliosque
607 3544 746 3604 habeant
767 3543 964 3604 beatissimos
985 3561 1058 3602 suos
1079 3543 1232 3613 doctores,

115 3631 202 3691 viros
217 3632 272 3711 qui
284 3632 428 3692 doctrina
440 3638 471 3692 et
481 3633 646 3693 sanctitate
656 3640 722 3693 tam
732 3637 853 3692 331333
865 3650 960 3710 quam
972 3631 1098 3710 spiriths
1108 3632 1235 3709 profun-

116 3719 233 3780 ditates
249 3713 499 3800 investigarunt,
512 3741 602 3802 quos,
619 3722 673 3802 qui
687 3722 806 3800 legunt,
822 3720 855 3779 in
870 3721 949 3780 coelo
967 3720 1042 3780 etin
1058 3719 1234 3780 coelestibus

117 3809 297 3870 conversari
311 3814 342 3870 et
358 3811 448 3890 quasi
456 3811 512 3871 Dei
526 3811 634 3871 audire
649 3811 795 3871 videntur
809 3809 947 3883 oracula,
959 3828 1023 3870 non
1038 3814 1143 3868 tamen
1160 3809 1234 3868 satis

116 3897 238 3958 habent
251 3899 312 3958 nisi
326 3899 421 3958 etiam
436 3901 557 3978 eosqui
571 3899 686 3960 similia
698 3899 773 3976 ipsis
778 3943 850 3960 ......
864 3897 1235 3976 13133113133313113333-

116 3985 299 4066 ticiparunt,
308 3986 340 4046 in
352 4007 440 4048 suam
451 3989 612 4049 traductos
622 3987 803 4067 possideant
812 3987 963 4066 linguam.
973 3985 1011 4044 111
1021 3985 1080 4059 hia,
1091 3985 1232 4064 inquam,

116 4075 179 4136 hoc
199 4075 343 4136 existimo
358 4082 480 4155 gratum
498 4077 576 4152 fore,
590 4081 621 4137 31
639 4081 702 4138 133
716 4074 907 4138 Beatitudini
922 4092 1036 4134 munus
1057 4077 1233 4154 acceptum,

150 4299 173 4346 t.
189 4297 224 4346 Le
238 4299 295 4348 mot
312 4301 449 4366 estrange
464 4303 532 4358 dans
546 4296 572 4348 le
587 4299 742 4350 manuscrit.
762 4299 831 4350 C'est
844 4309 882 4346 33
896 4295 975 4344 verbe
991 4309 1053 4346 sans
1071 4295 1152 4346 doute
1168 4293 1236 4344 daus

117 4367 142 4424 la
157 4381 219 4418 3333
235 4369 268 4419 de
281 4369 449 4434 3333333331,
