2908 4760
184 315 243 375 252
286 327 435 378 arronis
458 329 499 379 ba
522 329 706 384 aasslaiort
730 332 771 383 EN
796 333 930 384 FAVEUR
953 332 994 384 DE
1015 332 1057 383 La
1081 330 1245 383 cadistoa

183 447 295 508 eerivit
313 451 333 508 a
351 447 404 508 Pie
423 448 451 508 ll
471 466 533 509 une
554 448 645 510 lettre
663 451 885 532 remarquable
905 469 988 530 pour
1008 451 1054 511 lui
1076 449 1251 511 demander
1277 467 1313 508 sa

184 545 386 606 benedietion
414 551 445 606 et
471 546 595 607 obtenir
621 547 660 608 de
689 548 734 608 lui
758 547 835 628 qu'il
859 549 1016 628 respectat
1036 566 1084 610 scs
1109 545 1313 626 dispositions

188 643 448 704 testamentaires.
470 643 551 704 G'est
569 644 601 704 la
620 645 712 706 lettre
732 645 807 706 d’un
825 646 890 707 ami
903 648 922 706 a
937 665 980 706 un
996 646 1071 719 arni,
1089 645 1164 704 d'un
1180 648 1315 723 croyant

186 739 305 801 sincere
326 743 345 800 a
364 759 421 802 son
441 744 515 820 pere
534 760 573 802 en
593 742 738 822 religion,
762 743 837 804 d'un
856 749 1005 804 mearant
1024 747 1045 803 a
1063 761 1120 803 son
1142 746 1316 802 executeur

186 838 432 898 testamentaire.
458 838 524 899 Elle
548 845 596 900 est
620 841 714 902 ecrite
740 841 817 902 dans
840 861 884 901 un
909 841 988 919 style
1012 839 1124 919 simple
1145 845 1176 898 et
1199 839 1312 911 ferme,

186 954 309 996 comme
331 936 353 995 il
378 935 524 996 convient
546 939 566 997 a
588 957 631 998 un
655 937 785 1000 homme
808 939 847 1000 de
869 938 943 999 bien
962 941 982 1000 a
1003 955 1052 998 ses
1076 936 1215 998 derniers
1239 954 1313 996 mo·

183 1040 290 1094 ments
306 1033 328 1093 ¹.

220 1167 242 1212 1.
263 1164 337 1212 Nous
357 1175 440 1212 avons
460 1163 501 1211 ete
523 1174 595 1210 assez
616 1161 739 1212 heurenx
760 1175 830 1226 pour
854 1166 993 1213 retrouver
1010 1165 1080 1213 cette
1105 1161 1183 1212 lettre
1204 1175 1238 1211 cn
1257 1175 1316 1210 ma-

185 1234 291 1286 nuscrit
319 1233 386 1283 dans
413 1247 451 1282 un
472 1232 571 1282 recueil
599 1232 794 1283 extremement
821 1235 932 1288 curieux
959 1234 993 1284 de
1016 1233 1043 1284 la
1063 1233 1249 1297 bibliotheque
1279 1233 1314 1282 de

189 1306 358 1366 saint-Marc,
377 1303 483 1353 intituli
504 1303 651 1366 :Epistola
669 1303 816 1354 Illastetiam
840 1305 956 1354 virorum
976 1304 1078 1366 (classis
1096 1305 1127 1365 X,
1147 1303 1235 1353 codex
1254 1305 1314 1365 174,

188 1388 218 1427 n⁹
236 1378 268 1441 5).
289 1377 325 1426 La
342 1375 413 1425 voici
431 1378 492 1424 tout
509 1375 611 1424 entiere
629 1389 635 1423 :

222 1467 234 1492 a
253 1448 332 1496 Pater
355 1445 517 1505 Beatissimo,
540 1443 659 1493 venienti
685 1444 753 1493 mihi
773 1459 787 1494 e
808 1444 944 1509 legatione
968 1445 1028 1496 med
1046 1446 1075 1495 in
1096 1444 1217 1506 Italiam,
1245 1444 1317 1494 nihil

188 1517 306 1582 optatius
326 1520 373 1565 aut
388 1515 537 1579 jucundius
556 1515 612 1564 lore
629 1515 784 1576 videbatur,
804 1529 887 1580 quam
905 1516 940 1566 ad
959 1515 1113 1567 sanctitatis
1129 1516 1230 1566 Vestra
1247 1529 1315 1578 prae-

187 1589 301 1639 sentiam
321 1588 469 1652 pervenire,
492 1600 625 1650 eamque,
645 1589 676 1636 ut
694 1586 798 1649 debeo,
817 1587 904 1637 colere
924 1590 951 1638 et
968 1587 1099 1637 venerari.
1123 1585 1314 1636 accelerabam

183 1665 288 1721 autem,
308 1662 384 1709 tanto
404 1659 507 1720 studio,
527 1671 558 1707 ac
575 1658 705 1722 perpetua
723 1657 827 1707 itineris
846 1658 1033 1720 contentione,
1051 1659 1181 1722 quantam
1199 1656 1315 1704 tortasse

188 1732 242 1782 mei
260 1731 379 1795 corporis
398 1730 579 1792 imbecillitas,
598 1731 726 1780 diutumo
744 1729 840 1779 itinere
862 1744 893 1780 ac
912 1731 987 1779 senio
1006 1730 1154 1780 admodum
1173 1727 1314 1788 conlraeti,

188 1803 298 1852 sufferre
313 1815 369 1851 non
384 1805 497 1866 poterat.
512 1801 564 1851 Sed
583 1801 701 1852 conlisus
719 1801 836 1852 nimium
855 1815 991 1866 prosperae
1004 1801 1161 1862 valetudini,
1180 1799 1235 1863 qua
1246 1799 1318 1863 Jam-

189 1874 236 1922 diu
255 1873 357 1936 potitus
382 1885 467 1932 eram,
489 1885 583 1921 omnes
605 1872 724 1933 labores,
747 1871 934 1932 difficultates,
955 1871 1093 1922 molestias
1113 1871 1217 1921 itineris
1244 1883 1317 1934 sper-

188 1945 295 2004 nebam,
316 1945 510 2006 proptereaque
529 1943 598 1992 nibil
617 1943 711 2007 scripsi
734 1943 768 1992 ad
788 1943 964 1994 Sanctitatem
982 1944 1120 2004 Vestram,
1139 1955 1250 2007 sperans
1271 1955 1316 1991 me

184 2013 345 2079 propediem
365 2013 530 2076 affuturum,
547 2013 757 2078 relaturumque,
777 2027 822 2063 ore
842 2013 963 2078 proprio,
984 2014 1058 2078 quod
1074 2014 1170 2064 litteris
1190 2012 1316 2062 mandari

188 2087 304 2149 poterat.
325 2085 414 2144 Quum
433 2087 523 2133 autem
542 2085 625 2133 alium
645 2087 772 2133 eventum
785 2098 828 2133 res
840 2084 984 2134 habuerint
998 2098 1080 2148 quam
1093 2086 1221 2148 putabam
1236 2097 1317 2146 expe

190 2157 266 2206 diens
280 2157 368 2206 visum
383 2159 424 2205 est
438 2155 486 2204 has
497 2155 611 2205 scribere
628 2157 709 2219 atque
726 2155 817 2206 omnia
827 2155 969 2205 sanctitati
977 2155 1079 2205 Vestrae
1089 2155 1249 2219 significare.

222 2247 235 2271 ιι
249 2227 366 2288 Audiuit,
387 2229 418 2275 ut
437 2226 570 2288 existimo,
587 2227 729 2277 Beatitudo
747 2227 849 2288 Vestra,
867 2227 924 2290 jam
944 2225 1067 2290 pluribus
1086 2226 1189 2286 diebus,
1209 2238 1253 2274 me
1270 2224 1317 2274 ad-

189 2298 267 2348 versa
285 2297 440 2348 valetudine
458 2297 588 2358 laborare,
608 2298 724 2362 ideoque
742 2299 899 2348 Ravennam
920 2297 1080 2358 substitisse,
1096 2300 1128 2346 ut
1146 2297 1192 2358 ibi,
1205 2296 1314 2360 aegritu-

190 2370 253 2419 dine
271 2370 408 2429 liberatus,
429 2382 459 2418 ac
477 2369 603 2418 recreatis
621 2369 733 2430 viribus,
753 2373 813 2418 tum
832 2369 914 2429 maia,
932 2372 990 2418 tum
1010 2381 1142 2430 meorum,
1162 2370 1258 2432 postea
1277 2367 1313 2416 ad

188 2455 236 2490 vos
255 2439 443 2504 proficiscerer,
459 2438 614 2489 redditurus
631 2440 764 2490 rationem
778 2453 872 2490 eorum
882 2453 943 2504 quae
952 2439 981 2489 in
993 2439 1043 2488 hac
1057 2439 1222 2504 proiectione
1240 2452 1313 2489 ame

189 2512 300 2561 luerunt
323 2510 518 2560 administrata.
536 2510 679 2574 Quumque
698 2525 742 2560 me
758 2510 816 2574 jam
844 2525 941 2560 sanum
960 2513 1083 2575 putarem
1112 2514 1139 2560 et
1158 2511 1191 2560 de
1216 2510 1313 2560 itinere

190 2582 345 2644 cogitarem,
363 2594 433 2640 ecce,
454 2579 545 2629 nescio
565 2594 620 2644 quo
640 2584 729 2644 pacto,
747 2581 845 2630 iterum
860 2580 893 2630 ab
911 2581 1070 2644 aegritudine
1090 2583 1228 2644 correptus
1243 2592 1314 2640 sum,

190 2667 252 2716 quae
280 2652 393 2701 diversis
415 2652 549 2715 variisque
574 2652 698 2702 dolorum
726 2652 897 2714 accidentiis,
917 2651 985 2702 adeo
1002 2667 1046 2702 me
1065 2651 1206 2710 cruciavit,
1228 2653 1259 2699 ut
1286 2650 1316 2698 in

191 2724 337 2774 maximam
359 2723 422 2772 vita
440 2737 507 2772 meae
529 2723 710 2786 suspicionem
730 2723 928 2787 discrimenque
950 2724 1085 2785 venerim,
1108 2723 1158 2774 etsi
1177 2722 1209 2772 et
1221 2720 1318 2772 videar

190 2795 387 2860 aliquantulum
407 2793 557 2844 alleviatus.
582 2795 642 2844 Non
662 2794 790 2856 ignorans
814 2794 953 2844 tamenin
973 2794 1025 2844 hoc
1047 2793 1145 2844 sarculo
1163 2792 1232 2843 nihil
1253 2805 1314 2842 esse

190 2869 366 2931 perpetuum,
387 2869 541 2929 certamque
560 2879 591 2914 ac
613 2865 759 2914 stabilitam
777 2865 925 2929 unicuique
942 2869 1075 2927 mortem,
1094 2879 1150 2915 non
1169 2864 1316 2927 indignum

188 2939 308 3004 judicavi
330 2938 365 2999 si,
391 2937 519 3000 depositis
539 2935 713 2986 conscientIae
730 2936 870 2997 oneribus,
888 2936 1006 2986 animam
1026 2937 1081 2986 Deo
1098 2935 1316 2994 reconciliarem

192 3012 223 3058 ut
246 3010 268 3058 si
287 3008 359 3058 aliud
383 3006 513 3069 evenerit,
536 3009 563 3057 et
585 3007 615 3056 in
633 3008 792 3056 manatura
815 3019 923 3056 cursum
944 3020 1026 3070 quem
1051 3007 1167 3058 debebat
1186 3003 1316 3068 effecerit,

193 3094 252 3130 eam
272 3079 388 3129 Creatori
402 3079 513 3128 reddam
528 3077 658 3127 mundam
674 3081 701 3127 et
715 3077 922 3128 immaculatam.
941 3079 1028 3138 Quam
1042 3092 1109 3140 rem,
1121 3079 1199 3128 Pater
1212 3078 1316 3136 sancte,

193 3154 224 3200 ut
242 3151 323 3200 etiam
342 3150 482 3200 decentius
502 3150 603 3214 possim
621 3148 733 3210 efficere,
750 3149 904 3199 Sanctitatis
918 3149 1018 3200 Vestrae
1034 3149 1178 3200 auctoritas
1197 3151 1223 3198 et
1239 3146 1317 3197 beni-

191 3221 281 3285 gnitas
297 3235 353 3271 non
370 3235 465 3285 parum
488 3220 640 3271 necessaria
659 3223 700 3270 est
718 3233 779 3284 quae
798 3221 903 3270 cunctis
920 3219 1016 3270 Christi
1034 3220 1176 3282 fidelihus,
1197 3221 1227 3269 ut
1246 3215 1317 3279 vult,

192 3291 312 3342 divinam
326 3291 438 3355 gratiam
457 3292 618 3355 impartitur.

226 3383 238 3408 a
253 3365 346 3426 Itaque
361 3377 420 3412 eam
438 3376 514 3426 rogo,
535 3363 647 3411 obsecro
662 3364 689 3410 et
706 3361 834 3422 obtestor,
852 3364 883 3410 ut
899 3363 1071 3425 peccatorum
1086 3373 1209 3410 meorum
1224 3357 1320 3422 plena·

191 3435 259 3484 riam
284 3434 472 3483 remissionem
499 3432 618 3496 elargiri,
640 3445 671 3481 ac
698 3431 903 3495 dispositionem
927 3431 1155 3481 testamentariam
1175 3433 1202 3481 et
1223 3432 1318 3480 rerum

193 3519 314 3555 mearum
333 3503 531 3554 ordinationem
551 3517 632 3567 quam
660 3502 748 3553 fecero
774 3501 932 3554 confirmare
955 3501 1099 3566 dignetur3
1123 3501 1195 3566 quod
1215 3503 1318 3552 iterum

192 3579 274 3638 atque
292 3575 390 3624 iterum
410 3573 531 3637 supplico
551 3577 582 3622 ut
600 3572 712 3622 minime
728 3575 851 3636 negetur.
870 3572 898 3622 Si
915 3585 980 3622 vero
1000 3572 1181 3636 supervixero,
1202 3583 1318 3622 omnem

88 3669 92 3673 -
193 3647 326 3711 praestabo
346 3658 464 3709 operam,
480 3643 609 3704 studium,
625 3643 800 3706 diligentiam,
815 3646 847 3693 ut
861 3643 952 3693 debito
967 3657 1027 3693 meo
1042 3642 1161 3705 satisfiat,
1176 3657 1207 3693 ac
1222 3642 1317 3706 dignas

194 3732 242 3782 pro
253 3715 426 3767 tantoolflcio
444 3714 535 3778 gratim
554 3713 710 3764 reddantur.
730 3714 776 3764 Sin
796 3714 873 3764 aliter
889 3713 923 3764 de
940 3727 984 3764 me
998 3714 1070 3763 Deus
1084 3717 1191 3776 statuet,
1202 3712 1318 3764 accedet

195 3792 222 3840 et
248 3790 299 3838 hoc
322 3787 442 3853 prolecto
467 3785 500 3834 ad
523 3785 668 3834 maximam
693 3785 847 3836 sanctitatis
877 3786 977 3836 Vestrae
1006 3785 1114 3835 laudem
1147 3789 1173 3836 et
1201 3784 1317 3850 gloriam

191 3861 383 3910 immortalem.
404 3855 516 3906 -Felix
535 3856 570 3905 sit
585 3854 724 3904 Beatitudo
740 3855 834 3906 Vestra
853 3855 896 3905 cui
914 3869 958 3906 me
976 3855 1126 3906 humillime
1141 3853 1318 3908 commendo.

230 3953 242 3978 a
258 3934 393 3983 Ravenna
408 3929 452 3978 die
471 3927 566 3978 ultimo
584 3925 701 3976 octobris
717 3926 902 3977 Mcccctxfl.
1033 3939 1035 3944 ’

880 4034 892 4060 a
907 4012 952 4065 δι’·
963 3986 1023 4067 νῐςέ

818 4105 831 4132 ιι
845 4086 958 4136 Humilia
970 4087 1080 4137 conitor

666 4177 678 4204 a
695 4159 832 4209 Basssnror
848 4170 991 4208 macutus
1004 4159 1130 4210 Nicanos.
1148 4177 1161 4204 a

227 4269 295 4334 (ily
315 4283 330 4319 a
349 4267 530 4318 evidemment
554 4280 608 4318 une
631 4278 722 4317 eneur
746 4263 780 4316 de
806 4264 896 4317 datar
918 4263 982 4316 c'est
1003 4265 1061 4316 litt
1086 4264 1149 4330 qu’il
1172 4266 1231 4318 laut
1250 4268 1318 4336 lire,
